2624 4830
167 408 213 481 28
476 422 646 475 urrsrout
673 421 828 474 uccxcvr.
935 421 968 480 a„
984 424 1022 472 v.
1041 425 1071 474 c.
1090 439 1137 489 ⁷1·

165 539 282 603 urente
306 523 471 626 omniqua
495 525 603 598 animi
617 525 753 625 impetu
768 524 807 596 iu
821 522 1095 625 rempublicam
1111 529 1163 604 iu·

165 651 317 731 cumbae
341 648 438 724 Nihil
461 660 532 747 est,
555 646 654 751 quod
678 646 888 733 tihi'maiori
904 646 1068 723 fiuctuiu
1092 651 1164 752 glo-

163 780 304 882 tiaeque
328 801 404 851 ease
427 775 555 877 posuit:
579 799 646 848 uec
662 775 851 876 quicquam
866 799 911 848 ex
927 775 1094 852 omuibus
1108 803 1163 853 re·

162 902 230 980 bue
245 903 408 978 hrunuuia
424 914 479 976 eat
494 899 704 1002 praeclarius
718 912 781 974 aut
794 901 1041 1002 praestantius,
1058 927 1164 1006 quum

163 1028 209 1106 de
234 1026 437 1132 republica
461 1026 552 1101 beue
576 1027 710 1103 mereri.
738 1026 866 1101 Adhuc
891 1029 985 1101 enim
1012 1031 1164 1131 (patitur

162 1168 224 1230 tua
239 1179 375 1228 summa
389 1153 590 1228 humanitas
606 1165 644 1225 et
660 1153 849 1253 sapientia,
872 1178 947 1252 me,
971 1153 1072 1256 quod
1088 1182 1163 1231 seu·

162 1282 265 1379 tiam,
288 1278 397 1354 libere
422 1279 556 1370 dicere)
581 1279 720 1354 fortuna
740 1294 769 1331 ¹⁰
796 1279 1008 1379 ruffi-agunta
1033 1280 1162 1358 videris

162 1430 220 1480 reu
243 1406 410 1480 maximus
436 1419 644 1481 consecutus
663 1420 707 1478 ¹¹:
734 1404 832 1507 quod
856 1432 1071 1510 quamquam
1087 1410 1163 1483 siue

163 1531 294 1606 virtute
324 1557 399 1606 nou
430 1534 625 1633 potuisses,
655 1545 774 1605 tumen
805 1557 849 1606 ex
880 1535 1032 1608 maxima
1066 1549 1164 1637 purte

164 1682 225 1757 eu,
249 1683 339 1761 quae
363 1682 401 1731 es
426 1657 594 1760 adeptus,
616 1656 777 1731 fortunae
803 1658 1092 1763 temporibusque
1109 1663 1164 1735 tri·

164 1780 330 1858 buuutur.
355 1783 420 1868 Hie
445 1781 663 1884 temporibus
689 1781 901 1857 difficillimis
926 1784 976 1857 rei
1001 1784 1164 1886 publicae

165 1909 333 2014 quicquid
362 1908 583 2010 subveneris,
613 1907 653 1983 id
680 1909 747 1983 erit
772 1921 886 1983 totum
911 1923 948 1983 et
972 1912 1117 2013 proprie
1135 1927 1165 1965 ¹²

162 2048 273 2110 mum.
304 2036 514 2112 heredibile
541 2050 596 2112 eat
620 2036 779 2111 omnium
804 2036 932 2111 ciuium
952 2037 994 2136 ¹³,
1017 2036 1164 2112 latroni·

161 2161 229 2240 bue
245 2167 415 2267 exceptio,
438 2165 561 2240 odiuur
583 2165 622 2238 iu
637 2164 848 2239 Antonium:
876 2189 1002 2263 magua
1027 2191 1109 2266 apes
1126 2166 1163 2241 in

162 2301 216 2386 te,
240 2303 277 2362 et
300 2290 338 2362 in
362 2302 425 2363 tuo
449 2290 603 2364 exercitu
628 2315 754 2389 magua
778 2291 1005 2391 exspectatio.
1037 2292 1146 2366 Cuius
1153 2347 1165 2391 ‚

162 2437 228 2514 per
252 2413 366 2514 Deos,
398 2415 528 2513 gratiae
561 2414 759 2518 gloriaeque
784 2441 870 2492 cave
893 2430 1036 2518 tempua
1061 2419 1162 2491 amit·

162 2548 227 2612 uu.
258 2538 316 2612 Sic
346 2563 493 2641 moneo,
517 2555 558 2614 ut
590 2540 724 2639 fiiium3
751 2543 803 2616 aie
835 2539 954 2642 faveo,
986 2555 1028 2615 ut
1060 2541 1164 2642 mihi3

164 2661 216 2739 uie
238 2663 378 2768 hortor,
400 2679 442 2741 ut
465 2681 502 2743 et
524 2692 591 2769 pro
615 2669 748 2770 patria,
771 2681 809 2742 et
833 2668 1080 2744 amicissimum
1097 2667 1136 2742 ⁸⁴.

543 3046 787 3126 uooxcvu
880 3016 1154 3152 (mummi

162 3224 384 3304 dramatum
403 3226 514 3289 Narrat
533 3248 552 3289 a
572 3227 684 3311 quibua
709 3228 812 3312 copias
837 3229 1002 3312 acceperit,
1023 3247 1115 3311 seque
1134 3235 1164 3288 et

200 3349 266 3394 rtur
285 3330 442 3417 partiam
461 3334 665 3400 eommeudat.
