2624 4830
247 420 320 494 338
600 438 771 487 xrrsrom
797 440 866 485 xxi.
1030 436 1061 482 Α.
1077 438 1113 487 ν.
1129 438 1158 483 c.
1176 449 1224 497 ⁷¹·

245 548 394 619 Caesare
419 540 712 643 reprehenderem
735 537 906 614 nonnulla
928 540 966 610 in
982 538 1108 612 Hirtio.
1133 540 1249 615 Huius

246 667 330 743 belli
346 669 503 766 fortuna,
527 680 569 740 ut
591 667 629 739 in
655 664 835 763 secundis,
859 661 970 762 fluxa3
993 677 1035 737 ut
1059 664 1097 736 in
1122 663 1249 739 adver-

245 797 311 894 sis,
336 795 439 868 bona.
464 796 553 868 Erat
569 793 695 867 victrix
712 818 767 865 res
791 789 949 892 publica,
974 791 1084 863 caesis
1101 792 1247 865 Antonii

246 923 376 1023 copiis,
407 922 485 1021 ipso
518 918 663 1019 expulso
693 944 713 990 a
743 920 865 992 Bruto.
898 916 1037 990 Deinde
1061 917 1109 989 ita
1137 917 1248 991 multa

246 1060 411 1148 peccata,
435 1060 475 1120 ut
499 1044 763 1149 quodammodo
781 1044 928 1117 victoria
947 1043 1123 1117 excideret
1140 1069 1160 1115 e
1177 1070 1250 1117 ma«

244 1172 365 1255 nibus:
391 1175 611 1274 perterritos,
635 1174 802 1268 inermes,
827 1171 965 1244 saucios
990 1194 1064 1242 non
1080 1183 1165 1243 sunt
1181 1195 1249 1243 no·

244 1301 308 1379 stri
342 1298 448 1377 duces
481 1298 675 1399 persecuti:
710 1297 902 1398 datumque
934 1294 1072 1397 Lepido
1106 1309 1248 1395 tempus

244 1438 319 1524 est,
350 1425 387 1499 in
420 1448 491 1526 quo
523 1422 703 1497 levitatem
736 1425 831 1522 eius,
863 1447 968 1523 saepe
1001 1432 1248 1522 perspectam,

243 1548 434 1625 maioribus
466 1552 503 1631 in
535 1549 637 1623 malis
669 1551 914 1650 experiremur.
952 1549 1042 1621 Sunt
1074 1549 1248 1621 exercitus

243 1676 346 1778 boni,
371 1676 434 1753 sed
459 1675 579 1776 rudes,
603 1677 702 1754 Bruti
720 1690 756 1748 et
773 1675 903 1750 Planci.
930 1675 1021 1748 Sunt
1045 1673 1247 1749 fidelissima

244 1816 281 1885 et
305 1803 455 1881 maxima
482 1803 607 1881 auxilia
634 1803 825 1878 Gallorum.
852 1802 922 1876 Sed
947 1801 1248 1902 Caesaremjmeis

244 1930 397 2005 consiliis
423 1931 539 2005 adbuc
565 1932 812 2031 gubernatum,
844 1927 1021 2030 praeclara
1047 1930 1166 2029 ipsum
1192 1930 1247 2002 in-

244 2054 341 2158 dole,
370 2056 636 2161 admirabilique
662 2057 877 2157 constantia,
908 2053 1176 2154 improbissimis
1208 2053 1248 2127 li·

242 2185 326 2258 teris
352 2185 496 2286 quidam
530 2183 779 2286 fallacibusque
812 2181 1061 2283 interpretibus
1086 2208 1129 2256 ac
1155 2208 1246 2255 nun·

242 2310 300 2383 tiis
332 2310 548 2410 impulerunt
579 2312 616 2383 in
648 2337 748 2411 spem
775 2310 1003 2385 certissimam
1029 2308 1242 2383 consulatus

232 2433 352 2535 'Quod
384 2434 487 2515 simul
521 2449 626 2538 atquc
660 2438 772 2537 rensi3
803 2462 917 2539 neque
950 2461 1015 2536 ego
1047 2434 1148 2509 illum
1182 2434 1245 2509 ab·

241 2576 376 2635 sentem
401 2562 510 2636 literis
535 2556 678 2637 monere
705 2564 840 2664 destiti,
865 2590 931 2637 nec
957 2590 1120 2636 accusare
1146 2588 1246 2663 prae·

241 2702 358 2762 sentes
385 2691 458 2762 eius
484 2691 715 2789 necessarios,
742 2694 801 2792 qui
827 2693 901 2763 eius
919 2689 1104 2790 cupiditati
1122 2687 1245 2761 suffra·

241 2814 314 2913 gari
340 2813 567 2891 videbantur:
594 2842 659 2891 uec
685 2818 721 2888 in
748 2830 873 2890 senatu
898 2815 1245 2889 sceleratissimorum

240 2940 464 3013 consiliorum
492 2941 607 3016 sontes
633 2945 766 3042 aperire
786 2944 959 3023 dubitavi:
987 2969 1051 3015 nec
1069 2968 1154 3017 vero
1172 2941 1242 3014 ulla

239 3065 276 3138 in
301 3094 337 3140 re
364 3071 525 3168 memini,
551 3085 611 3144 aut
637 3085 797 3145 senatum
823 3069 1021 3167 meliorem,
1046 3083 1108 3142 aut
1132 3071 1242 3166 magi·

239 3207 377 3282 stratus.
403 3197 603 3300 Numquam
630 3201 722 3272 euim
749 3201 785 3272 in
812 3199 947 3272 bonore
965 3196 1241 3270 extraordinario

239 3324 396 3421 potentis
414 3323 583 3424 lrominis7
601 3326 656 3398 vel
675 3327 910 3426 potentissimi
929 3326 1047 3425 potius
1066 3321 1242 3424 (quando-

240 3448 381 3548 quidem
402 3455 560 3551 potentia
583 3455 653 3526 iam
679 3456 714 3525 in
743 3456 776 3526 vi
804 3455 919 3553 posita
946 3464 1015 3548 cst,
1041 3450 1242 3546 sturmis),

240 3575 387 3674 accidit,
413 3592 452 3649 ut
478 3605 582 3652 nenio
610 3580 769 3653 tribunus
795 3579 926 3679 plebis²
951 3602 1054 3650 neruo
1081 3577 1149 3649 alio
1172 3603 1242 3647 ma·

239 3700 401 3801 gistratu,
426 3730 530 3779 nemo
552 3688 735 3807 privatus,
760 3722 883 3780 auctor
908 3707 1078 3777 existeret.
1107 3703 1178 3774 Sed
1205 3704 1240 3773 in

237 3821 304 3903 hac
330 3833 526 3905 constantia
554 3847 659 3933 atque
685 3834 832 3928 virtute,
859 3847 933 3905 erat
960 3847 1076 3903 taruco
1103 3828 1243 3922 solicita

238 3951 369 4027 vivilus.
396 3955 580 4034 Illudinrur
605 3961 717 4056 cuim,
742 3963 867 4057 Brute,
885 3985 992 4059 quum
1010 3957 1159 4033 militum
1178 3955 1239 4031 de.
