2624 4830
234 400 307 515 '376
598 433 768 482 rarorum
792 435 871 482 xxv.
1014 434 1044 481 t.
1063 436 1093 482 v.
1111 436 1202 496 cen·

233 564 342 643 quum
367 562 423 610 me
449 559 516 637 pro
542 532 804 609 adolescentulo
835 561 877 608 ac
901 560 1012 636 paene
1038 562 1148 636 puero
1173 563 1224 610 res

233 663 375 767 publica
394 662 587 762 accepisset
604 660 747 759 vadem,
773 662 830 735 vix
847 659 1008 759 videbar,
1020 662 1131 763 'quod
1148 688 1228 763 pro·

234 791 410 887 miseram,
436 799 613 887 praestare
638 812 750 887 posse.
783 789 849 860 Est
874 801 989 860 autem
1023 789 1164 885 gravior
1194 801 1228 860 et

174 998 178 1019 ι
235 915 410 990 difficilior
426 913 533 986 animi
558 925 595 985 et
618 913 828 1011 sententiae,
852 914 1009 986 maximis
1027 915 1228 1013 praesertim

233 1042 273 1116 in
304 1039 430 1139 rebus,
460 1063 527 1140 pro
553 1037 683 1138 altero,
714 1064 818 1140 quam
852 1038 1020 1138 pecuniae
1052 1015 1244 1137 obligatio..

233 1166 332 1240 Haec
366 1169 461 1238 enim
494 1162 583 1238 solvi
608 1176 742 1263 potest,
767 1178 804 1236 et
828 1164 954 1237 estrei
981 1163 1158 1238 familiaris
1184 1165 1230 1238 ia·

235 1304 334 1366 ctura
369 1288 574 1391 tolerabilis:
599 1289 649 1362 rei
674 1287 833 1389 publicae
857 1288 954 1391 quod
979 1288 1229 1389 spoponderis,

235 1414 531 1520 quemadmodum
553 1412 685 1514 solvas,
708 1417 776 1489 nisi
799 1417 830 1489 is
857 1413 1009 1515 dependi
1027 1413 1126 1488 facile
1144 1415 1229 1515 pati·

235 1556 310 1643 tur,
327 1566 393 1643 pru
411 1566 481 1644 quo
498 1540 752 1641 spoponderisl
771 1543 992 1643 Quamquam
1009 1555 1045 1614 et
1060 1540 1156 1614 bunc
1174 1551 1230 1630 (ut

160 1675 162 1678 ⁴
235 1680 354 1773 spero)
373 1666 516 1767 tenebo,
532 1666 650 1741 multis
668 1668 950 1768 repugnantibus.
967 1664 1120 1742 Videtur
1137 1669 1229 1741 enim

234 1795 272 1869 in
297 1819 340 1868 eo
365 1819 440 1868 esse
465 1792 617 1892 indoles,
649 1791 711 1866 sed
735 1791 894 1866 flexibilis
920 1807 1032 1891 aetas,
1062 1792 1229 1895 multique

235 1919 282 1994 ad
307 1919 571 2021 depravandum
597 1920 726 2019 parati:
752 1920 829 2021 qui,
852 1918 1041 2019 splendore
1063 1918 1141 1992 falsi
1167 1919 1230 1992 ho·

234 2046 330 2121 noris
347 2044 505 2144 obiecto,
527 2045 635 2119 aciem
653 2044 738 2118 boni
754 2046 884 2143 ingenii
901 2045 1107 2144 praestringi
1126 2068 1229 2144 posse

234 2171 426 2247 confidunt
460 2173 582 2272 Itaque
608 2170 654 2245 ad
687 2171 837 2273 reliquos
869 2170 927 2244 hio
959 2197 1098 2273 quoque
1130 2170 1230 2244 labor

235 2297 322 2371 mibi
348 2299 511 2394 accessit,
544 2310 584 2370 ut
608 2322 730 2372 omues
762 2297 947 2371 adhibeam
976 2296 1155 2370 machinas
1185 2295 1230 2368 ad

236 2420 426 2495 tenendum
446 2417 721 2522 adolescentem,
746 2449 789 2497 ue
816 2423 941 2496 famam
959 2422 1103 2497 subeam
1121 2438 1229 2496 teme·

235 2548 356 2622 citatis.
383 2549 607 2649 Quamquam
626 2576 714 2651 quae
733 2551 907 2623 temeritas
924 2549 997 2623 estl
1014 2551 1122 2648 magis
1140 2551 1232 2622 enim

235 2671 351 2772 illum,
377 2699 442 2774 pro
468 2700 538 2774 quo
564 2677 759 2776 spopondi,
783 2703 887 2778 quam
906 2703 960 2749 mc
978 2675 1138 2775 obligavi.
1157 2676 1230 2749 Nec

236 2823 320 2872 vero
349 2801 532 2899 poenitere
556 2816 674 2900 potest
699 2829 771 2876 rem
798 2801 990 2902 publicam,
1017 2828 1072 2873 me
1098 2827 1163 2902 pro
1189 2825 1231 2873 eo

235 2924 484 3026 spopondisse,
510 2930 568 3029 qui
590 2929 655 3002 fuit
679 2930 716 3001 in
741 2927 844 3002 rebus
863 2928 1023 3027 gerendis
1042 2955 1148 3028 quum
1167 2952 1230 3000 suo

235 3051 393 3150 ingenio,
418 3067 491 3126 tum
519 3081 594 3127 mea
622 3056 853 3154 promissione
871 3055 1097 3127 constantior.
1124 3053 1230 3125 Maxi·

234 3200 313 3252 mus
339 3193 454 3253 autem
486 3181 566 3270 (nisi
593 3208 647 3255 me
673 3182 760 3255 forte
784 3181 887 3269 fallit)
906 3183 941 3252 in
960 3207 996 3254 re
1015 3179 1153 3280 publica
1172 3205 1234 3252 no·

153 3374 156 3379 .
235 3303 301 3379 dus
319 3321 388 3412 est,
413 3309 533 3408 inopia
551 3309 600 3381 rei
618 3308 846 3408 pecuniariae.
875 3307 1123 3380 Obdurescnnt
1140 3307 1232 3378 eninr

235 3433 346 3531 tnagis
372 3433 529 3534 quotidie
550 3434 634 3507 boni
659 3435 724 3508 viri
751 3435 797 3507 ad
823 3460 946 3507 vocem
973 3433 1109 3506 tributi:
1136 3431 1233 3532 quod

235 3578 278 3629 ex
304 3559 493 3631 centesima
524 3559 689 3633 collatum
723 3560 918 3660 impudenti
945 3584 1051 3631 censu
1078 3556 1234 3656 locuple-

237 3695 329 3780 tum,
354 3686 391 3754 in
417 3684 564 3757 duarum
589 3685 766 3785 legionum
792 3687 954 3786 praemiis
980 3709 1084 3758 omrre
1110 3709 1234 3756 consu·

234 3805 350 3879 mitur.
376 3808 588 3908 Impendent
613 3825 730 3885 autem
748 3813 872 3885 infiniti
891 3825 1042 3905 sumtus,
1069 3835 1176 3909 quum
1196 3807 1231 3878 in

235 3929 301 4005 hos
318 3933 506 4032 exercitus,
532 3935 658 4036 quibus
683 3963 776 4013 nrrnc
794 3935 1028 4031 defendimur,
1056 3948 1129 4006 tum
1150 3958 1232 4005 vero
