2624 4830
238 409 310 507 470
502 475 511 494 ·
607 420 868 473 suuorartouns

277 550 354 611 quae
374 526 544 588 fluminibus
564 524 719 587 Rubicone
734 535 763 584 et
775 525 877 584 Macra
891 523 1119 585 terminabatur.
1138 525 1187 585 De
1202 527 1246 588 IV

277 637 378 699 Planci
398 633 538 716 legionib.
559 633 618 694 rid.
640 633 678 692 ad
699 654 744 713 ep.
766 631 950 712 DCCCLlV,
971 651 998 691 a.

242 767 276 827 ¹7
298 745 364 804 Hoc
385 755 443 822 est,
463 743 518 802 sibi
538 741 678 823 fidentes,
702 751 732 800 et
752 742 870 801 Antonii
901 743 1065 820 equitatum
1093 743 1164 800 satis
1188 762 1245 800 au·

277 853 379 914 dacter
406 861 630 911 contemnentes.
657 848 712 909 Est
736 859 837 908 tamen
864 847 998 907 insoleus.
1025 849 1133 924 Quum
1162 847 1244 908 dicat

278 962 354 1044 ipsi,
376 962 469 1042 inquit
488 960 655 1037 Manutius,
676 969 814 1041 apparet,
834 957 1009 1018 Pollentiam
1026 958 1175 1040 oppidum
1191 960 1243 1020 Al·

278 1067 437 1150 lobrogum
458 1067 560 1147 fuisse,
580 1066 783 1150 propindeque
797 1065 971 1144 Allobroges
985 1068 1074 1126 etiam
1090 1069 1133 1125 cis
1149 1067 1241 1149 Alpes

278 1177 366 1237 fuisse
387 1176 545 1236 dicendum
566 1187 619 1235 est.
639 1176 712 1235 Mox
732 1173 832 1234 malim
844 1173 997 1250 sustinere,
1012 1183 1045 1233 ut
1059 1185 1104 1233 est
1117 1177 1148 1233 iu
1162 1173 1241 1233 duo-

277 1283 335 1345 bus
348 1284 472 1365 Ambb.,
493 1304 582 1366 quam
603 1274 754 1351 sustineri3
774 1293 808 1341 ut
828 1284 883 1341 sint
904 1280 1078 1362 Allobroges
1100 1292 1132 1342 et
1153 1285 1241 1361 equi-

278 1402 357 1452 tatus
383 1392 484 1471 Bruti,
508 1395 559 1472 qui
585 1390 696 1450 facilius
723 1392 833 1472 possint
861 1392 1003 1448 sustinere
1029 1400 1060 1448 et
1082 1390 1241 1448 retardare

278 1500 390 1578 equites
410 1495 560 1556 Trebellii.

241 1601 276 1663 18
290 1602 349 1664 Vbi
360 1613 424 1664 emt
434 1603 574 1684 Plancus,
588 1624 654 1685 epp.
665 1602 886 1664 DCCCXXVll
899 1606 967 1663 circ.
978 1601 1028 1662 fin.
1040 1603 1240 1665 Dcecxt'lt

276 1721 307 1771 et
324 1711 537 1773 DCCCXVlll.
563 1708 684 1770 Corrad.
705 1711 778 1770 Mox
799 1710 866 1771 edd.
884 1732 929 1792 pr.
945 1721 974 1770 et
988 1709 1094 1772 Lamb.
1110 1732 1147 1771 ne
1160 1710 1241 1792 quid

195 1874 199 1883 ,
276 1816 445 1878 detrimenti.
467 1817 526 1878 Sed
540 1838 598 1877 uon
614 1839 675 1877 uuo
689 1818 780 1878 modo
795 1817 926 1899 loquitur
938 1819 1048 1878 Brutus
1070 1828 1101 1878 et
1122 1818 1239 1878 Cicero.

241 1946 276 2009 19
296 1925 406 1987 Ambb.
427 1925 444 1985 3
467 1938 496 1987 et
522 1928 570 2004 13,
590 1928 659 1986 Rea.
680 1925 731 1986 Zel
753 1927 776 1985 B
797 1936 828 1986 et
847 1925 914 1986 edd.
935 1948 980 2007 pr.
1001 1925 1039 1986 dc
1058 1947 1180 1986 suntma
1195 1929 1241 1986 uri

273 2054 323 2116 μ,
345 2034 397 2095 sed
418 2033 570 2116 vulgatum
592 2033 704 2094 melius.
726 2033 809 2093 Conf.
825 2033 863 2091 ad
880 2055 924 2115 ep.
946 2033 1127 2117 CCLXXX,
1149 2055 1177 2093 2.
1200 2036 1240 2094 Er

275 2162 345 2218 uos,
365 2140 394 2200 b.
417 2163 442 2201 e.
464 2162 511 2201 me
538 2151 568 2201 et
586 2141 738 2202 Plancum.
767 2141 846 2200 lnfra
867 2140 953 2200 Amb.
981 2142 1016 2217 14
1036 2143 1110 2222 sing.
1133 2143 1236 2202 auimo

273 2248 450 2308 coniunctos.
470 2247 527 2307 Ed.
550 2247 629 2307 Med.
656 2249 800 2329 singulari
824 2247 999 2320 concordia,
1026 2250 1138 2309 omisso
1164 2271 1237 2310 cou-

276 2356 396 2416 iunctos.
417 2356 499 2415 Tum
525 2356 560 2416 15
580 2357 702 2416 videatis
722 2380 785 2418 esse
803 2370 936 2439 paratos.

236 2481 276 2522 ao
295 2464 365 2522 Duo
387 2463 494 2523 Ambb.
517 2455 547 2524 e't
566 2463 625 2523 Zel.
646 2464 670 2524 B
692 2466 835 2549 Dateque.
857 2466 937 2524 Tum
953 2467 1012 2525 Gu.
1031 2483 1061 2547 1,
1077 2466 1167 2527 Amb.
1187 2468 1238 2546 13,

270 2569 343 2645 cdd.
369 2571 449 2630 Med.
470 2571 535 2631 Ald.
563 2575 659 2647 (teste
683 2572 840 2650 Ernestio)
862 2583 891 2631 et
915 2572 1021 2632 Lamb.
1045 2575 1240 2654 paratissimi

256 2668 312 2734 'ab
338 2678 475 2736 exercitu.
503 2679 600 2737 Minus
629 2691 716 2739 recte.
746 2680 810 2739 Alia
836 2666 996 2761 suppetunt
1024 2682 1179 2763 exenrpla,
1207 2686 1236 2741 in

273 2780 381 2861 quibus
402 2785 452 2841 uui
473 2797 501 2842 et
521 2788 654 2864 sequitur
674 2785 805 2846 enclitica
818 2810 884 2869 qtae.
905 2787 995 2847 Plura
1017 2787 1136 2869 collegit
1156 2791 1236 2849 Dra-

273 2887 360 2948 lenb.
382 2889 421 2947 ad
441 2892 503 2949 Liv.
524 2892 644 2968 xxtx;
670 2913 720 2974 12,
741 2906 775 2953 ut
796 2907 895 2955 mouet
915 2895 1076 2956 Ernestius.

233 3012 268 3054 αι
293 2995 339 3054 Ad
360 2998 501 3080 speciem,
515 3009 549 3057 ut
569 3003 610 3058 rei
626 2999 707 3082 publ.
723 3002 922 3085 consulerent,
937 3013 971 3061 ut
985 3007 1108 3085 exponit
1122 3005 1235 3082 Quart.

272 3102 345 3163 Mox
358 3103 464 3164 Lamb.
478 3122 695 3189 compararant.
710 3108 782 3168 Post
794 3109 870 3168 hanc
884 3109 1036 3191 epistolam
1053 3110 1143 3171 aliam
1160 3117 1236 3174 eius·

272 3210 340 3270 dem
362 3212 445 3271 Bruti
459 3213 563 3273 ordine
579 3218 737 3275 continenti
753 3216 856 3298 fuisse,
877 3220 1014 3297 cognovit
1028 3217 1183 3281 Victorius
1198 3244 1234 3282 ex

272 3319 367 3379 indice
389 3319 454 3379 cod.
475 3320 570 3399 Med,
592 3326 676 3382 citius
699 3335 797 3383 tamen
818 3327 847 3383 in
868 3324 959 3405 libro,
979 3324 1056 3407 sires,
1078 3338 1114 3387 ut
1135 3331 1237 3409 aiunt,

271 3439 425 3508 contextu,
445 3429 560 3488 nullum
582 3434 744 3511 vestigium.
765 3432 838 3492 Eius
858 3435 972 3492 initium
994 3443 1058 3492 erat

319 3586 356 3645 D.
377 3586 536 3646 BRVTVS
559 3589 643 3647 COS.
664 3590 750 3650 DES.
772 3593 813 3652 bl.
842 3591 1026 3650 CICERONI
1049 3592 1078 3651 S.
1101 3594 1140 3655 D.

270 3717 443 3778 Parrueuses
466 3724 652 3787 miserrimos.
