2624 4830
173 432 219 506 58
496 452 665 502 aerarum
692 451 824 499 nescir.
944 451 973 497 a.
994 451 1026 497 v.
1044 451 1074 498 e.
1092 463 1137 510 τι.

171 573 207 630 et
231 555 469 633 incredibilem
501 556 797 657 conspirationem
829 552 965 626 adiuva.
1002 552 1061 625 Me
1085 566 1162 627 tuo-

170 712 246 758 rum
272 684 494 760 consiliorum
521 683 738 780 adiutorem,
768 680 945 781 dignitatis
970 672 1162 776 fautorem,

170 811 332 885 omnibns
357 815 393 884 in
418 810 522 886 rebus
548 810 612 916 tibi
638 809 886 893 amicissimum
910 805 1163 880 fidelissimum·

170 964 237 1040 que
264 964 461 1036 cognosces.
488 937 544 1011 Ad
564 963 621 1010 eas
639 910 733 1009 enim
759 960 897 1032 causas,
921 933 1049 1035 quihus
1074 932 1163 1006 iuter

168 1089 233 1138 nos
251 1064 369 1138 ardore
387 1088 524 1165 sumus,
540 1061 682 1163 officiis,
699 1056 873 1137 vanitate
888 1059 1162 1160 coniunctijpa·

169 1189 404 1266 triae'earitas
430 1192 590 1265 accessitx
616 1176 921 1293 eaque'elleeit10,
935 1198 977 1259 ut
997 1184 1161 1297 tuamvi·

168 1331 241 1391 tam
264 1318 471 1394 anteferrem
495 1345 601 1393 meae.
628 1317 728 1391 111¹n
756 1314 934 1391 Kalendas
959 1298 1107 1416 Apelles.
1140 1330 1143 1335 ’

582 1694 750 1771 DCCCV.
902 1735 958 1795 (aa
971 1734 1080 1794 aasz,
1093 1735 1138 1788 u>

159 1874 388 1957 Argumentum.
409 1873 527 1936 Laudat
547 1873 647 1935 literas
668 1856 819 1934 aPlanco
837 1870 957 1956 publice
971 1864 1016 1932 ad
1025 1884 1158 1933 senatum

206 1985 326 2058 missus,
346 1995 377 2045 et
397 1983 471 2066 quid
491 1985 556 2043 eius
576 1982 665 2043 eausa
687 1981 717 2040 in
738 1990 843 2041 senatu
869 1988 969 2041 aetum
997 1981 1051 2052 sit,
1072 1980 1158 2061 signi·

187 2089 293 2187 beau
308 2111 438 2174 eumque
459 2089 498 2151 ad
518 2087 705 2152 liberandam
735 2109 798 2148 rem
826 2085 911 2170 publ.
936 2084 1158 2169 diligentissime

205 2195 356 2266 bortatur.

278 2425 280 2428 ’
310 2443 363 2524 sce
384 2445 478 2499 nomae
495 2448 526 2498 s.
544 2444 576 2497 v.
596 2446 625 2500 e
645 2445 749 2513 uccs,
768 2445 807 2499 ui
825 2443 887 2499 rau·
905 2444 1013 2516 spara.
1047 2518 1051 2527 ι
1151 2499 1153 2503 ,

503 2640 647 2711 CICERO
672 2643 829 2710 PLANCO

173 2811 176 2817 ¹
214 2831 290 2905 Etsi
309 2834 365 2906 rei
392 2832 552 2935 publicae
570 2856 673 2908 eausa
691 2835 841 2908 maxime
860 2832 1010 2932 gaudere
1027 2831 1156 2931 debeo,

167 2972 298 3033 tantum
326 2962 358 3033 ei
384 2972 418 3033 te
442 2961 625 3062 praesidii„
655 2973 791 3034 tantum
818 2960 894 3062 opis
915 2954 1078 3059 attdlisse
1101 2982 1158 3035 ex·

164 3070 285 3191 tremis
309 3114 419 3190 paene
437 3087 680 3191 temporibus5
713 3100 829 3161 tamen
854 3087 903 3160 ita
929 3100 964 3160 te
989 3084 1157 3183 nietonem

164 3212 379 3314 complectar
395 3241 432 3289 re
450 3213 590 3314 publica
608 3227 830 3315 reeuperata,
848 3227 888 3289 ut
904 3192 1157 3314 maguampar·

52 3394 54 3403 .
164 3353 233 3413 tem
268 3340 353 3414 mibi
385 3341 536 3415 laetitiae
567 3353 626 3415 tua
653 3340 802 3440 dignitas
828 3339 928 3422 affert
945 3355 969 3439 ¹,
993 3351 1158 3442 quem-et

165 3488 239 3537 esse
264 3468 348 3565 ianr,
374 3481 409 3540 et
434 3469 584 3541 suturam
606 3468 856 3569 amplissimam
872 3465 1050 3566 intelligor·
1065 3467 1158 3543 csse

162 3589 254 3662 enim
274 3606 388 3693 putes,
404 3592 491 3665 ullus
508 3620 673 3696 umquam
691 3595 809 3669 literas
827 3583 995 3695 gratiores
1009 3572 1157 3698 ¹,sqnam

163 3727 239 3788 tuas
264 3717 300 3789 iu
326 3731 447 3791 senatu
466 3745 540 3792 esse
564 3722 744 3795 recitatas
759 3721 870 3824 quue
887 3719 1034 3819 contigit
1051 3743 1156 3824 qurum

161 3842 363 3917 meritorum
394 3859 530 3918 tuorum
558 3847 593 3919 in
621 3874 693 3921 rem
719 3848 898 3948 publicam
922 3847 1047 3921 eximia
1072 3871 1155 3951 qua·

159 3966 239 4041 dam
273 3971 527 4070 magnitudine,
563 3986 636 4047 tum
671 3974 855 4050 verborum
888 3974 1154 4050 sententiarum·
