2624 4830
232 404 303 481 328
583 424 752 475 ariarate
777 426 879 475 xviri.
1008 426 1201 488 aecem

229 529 357 603 addita.
382 530 435 601 'Ac
465 525 549 600 mihi
568 542 659 625 turn,
682 529 807 624 Brute,
831 524 948 600 officio
965 523 1079 599 colum
1096 541 1173 601 erat
1187 542 1226 601 et

227 670 390 752 naturae3
415 653 478 726 tibi
504 678 599 726 nunc
623 652 757 753 populo
783 667 819 726 ει
843 677 966 726 scenae
993 661 1051 741 (ut
1076 653 1224 745 dicitur)

226 780 447 855 serviendum
474 794 536 852 εει.
560 769 652 852 Nam
671 806 778 880 quum
799 780 835 852 in
853 791 888 851 te
905 803 979 851 non
995 777 1108 851 solum
1126 805 1224 852 exer·

227 908 317 980 citus
345 907 413 1005 tui,
437 906 499 978 sed
525 907 681 978 omnium
708 907 838 979 civium
863 930 904 978 ac
929 907 1058 1005 paene
1067 906 1224 1002 gentium

227 1033 379 1106 coniecti
404 1031 498 1104 oculi
523 1033 610 1130 sint,
635 1033 777 1103 minime
803 1031 921 1128 decet,
946 1045 1094 1131 propter
1118 1054 1223 1132 quem
1294 1062 1301 1081 ·

226 1156 386 1233 fortiores
419 1160 525 1231 ceteri
558 1185 695 1252 sumus,
721 1183 801 1231 eum
833 1158 947 1256 ipsum
980 1157 1098 1228 animo
1124 1155 1223 1229 debi-

225 1281 363 1357 litatum
388 1284 508 1356 videri.
534 1286 649 1376 Quam
675 1284 721 1356 ob
748 1309 821 1357 rem
839 1283 1005 1382 accepisti
1022 1295 1060 1353 tu
1079 1281 1225 1384 quidem

227 1382 385 1482 dolorem
411 1409 470 1496 (id
503 1410 597 1482 enim
630 1409 793 1506 amisisti,
824 1409 880 1481 cui
912 1406 1023 1481 simile
1054 1408 1092 1479 in
1122 1407 1224 1480 terrie

224 1532 312 1607 nihil
341 1532 446 1632 fuir),
470 1548 506 1606 et
532 1547 585 1606 est
618 1532 810 1607 dolendum
842 1533 879 1606 in
910 1547 982 1606 tam
1016 1533 1113 1632 gravi
1144 1531 1224 1606 vul-

224 1683 308 1733 nere
332 1668 396 1749 (ne
413 1659 450 1732 id
467 1660 600 1761 ipsum,
618 1685 734 1733 carere
760 1663 856 1732 omni
882 1686 984 1732 sensu
1011 1659 1160 1757 doloris,
1177 1659 1224 1732 ait

224 1786 400 1885 miserius,
428 1812 533 1888 quam
566 1785 721 1883 dolere);
747 1784 825 1882 sed,
850 1800 890 1858 ut
914 1784 1072 1884 modice,
1097 1785 1224 1859 ceteris

225 1911 310 1985 utile
336 1927 406 2010 est,
434 1912 498 1985 tibi
524 1939 665 1985 necesse
697 1925 757 1985 est.
791 1912 984 1986 Scribereur
1010 1911 1128 2012 plura,
1153 1912 1224 1985 nisi

226 2039 271 2112 ad
297 2055 332 2111 te
357 2039 442 2112 haec
460 2041 536 2139 ipsa
555 2041 656 2112 nimis
674 2038 783 2112 multa
809 2053 933 2112 essene
960 2038 1034 2112 Nos
1051 2052 1087 2110 ιε
1105 2050 1224 2110 tuum-

225 2191 293 2265 que
319 2168 508 2239 exercitum
533 2180 791 2264 exspectamus:
817 2167 891 2238 sine
917 2190 1002 2266 quc,
1028 2178 1067 2236 ut
1088 2162 1224 2264 reliqua

224 2316 267 2361 ex
299 2292 470 2364 sententia
504 2292 711 2389 succedant,
743 2294 801 2366 vix
825 2293 908 2364 satis
933 2290 1032 2363 liberi
1060 2289 1222 2362 videmur

223 2415 306 2487 fore.
340 2394 395 2488 De
426 2430 500 2489 tota
528 2416 729 2516 republica
762 2417 861 2519 plura
895 2415 1063 2515 scribam,
1090 2430 1128 2488 ει
1152 2413 1223 2490 sor-

225 2554 315 2612 tasse
341 2543 410 2613 iam
437 2543 584 2616 certiora
610 2543 664 2615 his
689 2543 816 2642 literis,
841 2570 926 2645 quas
952 2544 1077 2630 Veteri*
1097 2557 1221 2616 nostro

224 2665 420 2764 cogitabam
447 2666 538 2740 dare.

592 2938 596 2945 Ι
680 2946 781 3026 XIX.
963 2992 1014 3048 (Ad
1031 2991 1093 3039 Rrur.
1110 2993 1135 3049 ι,
1155 2992 1199 3045 ια)

221 3125 442 3210 Argumentum.
464 3123 594 3192 Excusat
614 3152 644 3193 se
664 3131 774 3201 Bruto,
802 3131 882 3214 quod
905 3133 1007 3190 matria
1034 3132 1097 3189 eius
1119 3140 1149 3188 ει
1171 3149 1222 3189 so-

261 3240 338 3297 roris
358 3236 499 3319 precibus
519 3237 557 3300 de
577 3229 679 3300 liberis
705 3241 746 3298 M.
767 3239 889 3322 Lepidi,
917 3258 1006 3318 quem
1032 3235 1151 3295 hostem
1173 3256 1223 3295 se·

258 3339 347 3404 catus
369 3345 532 3419 iudicarat,
553 3347 733 3429 excipiendis
753 3346 922 3406 satisfacere
942 3365 1003 3404 non
1024 3353 1153 3425 poterat
1175 3343 1224 3401 Dc

260 3454 388 3512 Antistio
402 3453 566 3516 liberaliter
578 3456 744 3537 promittit,
766 3464 795 3514 ει
815 3455 913 3536 ipsum
924 3496 934 3526 ‚
946 3463 981 3513 ut
994 3453 1023 3512 in
1040 3449 1157 3512 ltaliam
1172 3469 1226 3510 ve·

261 3559 339 3631 aiat,
359 3557 508 3622 hortatur.
