2624 4830
178 454 227 528 9²
311 472 315 479 ·
376 446 547 499 sererent
563 448 731 522 ncccxrn,
747 446 905 498 neccxrv.
957 445 989 495 s.
1005 446 1038 496 v.
1053 445 1085 497 u.
1103 459 1152 510 ,ιο

178 567 218 626 tn
243 551 419 628 arbitrare.
442 551 542 650 Non,
566 553 596 624 si
620 549 789 625 Varronis
808 553 839 603 ¹⁶
864 548 1047 623 thesauros
1070 548 1175 626 habe·

177 702 269 779 rem,
292 677 482 752 subsistere
497 678 628 753 sumtui
648 701 797 778 possem.
822 677 942 768 Quum
959 678 1115 776 primum
1131 676 1176 750 de

176 804 333 878 Antonio
349 802 569 903 exploratum
585 802 757 901 habuero,
782 801 908 875 faciam
924 814 960 873 te
977 803 1173 893 certiorem.

176 931 233 1002 Tu
258 956 315 1005 me
340 928 473 1004 amabis
497 930 565 1029 ita,
588 930 619 1003 si
643 928 712 1005 hoc
737 927 832 1002 idem
856 926 976 1001 mein
1000 941 1037 1001 te
1063 927 1173 1004 lacere

175 1056 331 1132 senseris
357 1055 411 1131 111
433 1054 525 1134 Non
551 1055 676 1155 Maias,
699 1081 749 1165 ex·
767 1053 910 1152 eastris,
932 1051 1093 1131 Dertona
1107 1068 1147 1126 ¹⁷.

563 1430 789 1508 DOECXIV·
901 1472 959 1532 (Ad
976 1471 1029 1518 [liv.
1044 1471 1079 1532 Χ,
1097 1475 1147 1530 aq)

173 1584 393 1664 Aegrunentrmr.
412 1583 532 1646 Laudat
551 1584 656 1645 Planci
677 1566 810 1645 studium
823 1591 854 1644 ct
867 1583 1050 1645 celeritatem
1071 1586 1102 1644 in
1116 1603 1170 1644 au-

212 1693 288 1755 xiliis
307 1693 403 1753 Bruto
422 1692 554 1774 collegae
575 1691 717 1773 ferendis,
737 1688 954 1775 hortaturque,
974 1702 1011 1752 ut
1031 1689 1103 1753 belli
1126 1712 1170 1752 τοι

213 1799 321 1883 liquiss
339 1801 516 1883 exstinguat.
648 1812 651 1818 '

321 2029 376 2086 Ser.
393 2032 489 2088 Romae
507 2032 539 2087 Δ.
556 2028 590 2086 V.
608 2030 638 2086 C.
656 2026 762 2099 DCCX,
781 2027 821 2084 ill
840 2029 907 2084 Non.
927 2030 1016 2084 bisiae.
1149 2086 1151 2091 ,

477 2227 622 2296 CICERO
646 2229 803 2294 PLANCO
828 2229 859 2292 S.

217 2416 252 2489 Ο
274 2430 408 2516 gratam
425 2416 551 2491 lamam
569 2416 679 2492 biduo
697 2431 779 2492 ante
796 2416 998 2517 victoriam,
1021 2417 1067 2492 de
1084 2419 1165 2493 sub-

167 2541 257 2616 sidio
282 2555 362 2641 tuo,
388 2542 431 2616 de
456 2542 593 2642 studio,
619 2543 664 2616 de
688 2543 881 2642 celeritate,
899 2542 943 2621 de
960 2546 1091 2646 copiis!
1107 2548 1165 2620 At-

168 2684 267 2771 que¹
294 2669 399 2741 etiam
424 2668 585 2743 hostibus
606 2669 709 2769 lusis,
734 2696 815 2772 spes
841 2671 955 2743 omnis
981 2671 1017 2743 in
1044 2686 1079 2745 te
1105 2686 1164 2745 est.

166 2792 312 2893 Fugisse
336 2796 430 2868 enim
456 2821 498 2868 ex
522 2794 658 2896 proelio
690 2797 882 2870 Mutinensi
911 2796 1077 2871 dicuntur
1101 2824 1164 2872 no·

166 2919 290 2994 tissimi
313 2914 489 2996 latronum
507 2917 623 2996 duces.
649 2925 717 2996 Est
732 2937 850 2997 autem
868 2949 941 2996 non
959 2925 1073 2997 minus
1091 2950 1164 3023 gra·

166 3060 243 3121 tum
261 3062 416 3123 extrema
433 3047 565 3149 delere,
591 3076 697 3151 quam
714 3050 826 3150 prima
844 3047 1028 3149 depellere.
1053 3051 1163 3152 Equi-

164 3171 246 3247 dem
271 3176 518 3276 exspectabam
534 3192 550 3224 ²
574 3176 645 3249 iam
676 3189 753 3248 tuas
783 3175 920 3274 literas,
949 3174 1057 3276 idque
1082 3202 1162 3249 cum

162 3300 304 3375 multis:
335 3303 588 3407 sperabamque
622 3302 749 3400 etiam,
786 3300 960 3402 Lepidum
993 3304 1161 3404 tempori·

161 3421 255 3499 bus³
273 3427 492 3503 admonitum
509 3443 626 3503 tecum
651 3429 702 3502 rei
727 3424 888 3525 publicae
913 3428 997 3501 satis
1022 3454 1098 3503 esse
1115 3429 1161 3502 la·

162 3562 307 3625 uturum.
327 3556 369 3626 In
386 3556 482 3630 illam
497 3556 601 3654 igitur
619 3580 741 3629 curam
755 3553 934 3654 incumbe,
950 3557 997 3627 mi
1014 3555 1159 3654 Plance,

160 3686 261 3748 utne
278 3705 347 3779 qua
363 3680 511 3755 scintilla
528 3682 695 3756 teterrimi
711 3679 793 3754 belli
807 3679 1030 3783 relinquatur.
1048 3681 1156 3777 Quod

160 3799 191 3872 si
215 3801 282 3874 erit
304 3801 451 3905 factum,
476 3821 513 3881 et
536 3834 611 3881 rem
636 3804 815 3909 publicam
841 3806 963 3882 divino
983 3807 1156 3883 beneficio

161 3924 314 4003 affeceris
326 3985 337 4030 ,
368 3934 511 4034 etipse
543 3948 719 4009 aeternam
752 3932 899 4032 gloriam
932 3959 1155 4037 consequere.

159 4051 201 4124 D.
226 4053 279 4128 III
302 4055 426 4132 Nont
452 4062 532 4135 Mai.
