2624 4830
226 446 297 521 280
585 457 755 511 aarsroua
781 460 846 507 vri.
946 439 954 463 ⁸
1004 457 1132 508 eac.
1152 469 1200 525 ,ιο

222 568 307 658 bus)
332 562 451 667 paullo
477 562 622 637 sortasse
649 560 896 635 veliementior.
923 560 997 632 Scis
1024 561 1109 634 milri
1136 588 1225 635 scru-

222 718 287 800 per
319 691 508 794 placuisse,
539 715 612 764 non
644 715 724 789 rege
754 687 886 785 solum,
915 686 977 760 sed
1003 713 1111 787 regno
1137 685 1225 761 libe·

221 818 388 896 sariram
415 816 602 919 publicam.
630 816 685 889 Tu
712 812 838 912 lenius,
864 812 1051 888 immortali
1077 816 1224 889 omuino

221 971 302 1023 cum
327 959 388 1021 tua
412 928 534 1018 laude:
566 943 628 1017 sed
661 941 747 1045 quid
780 939 902 1015 melius
936 940 1061 1039 luerit,
1093 967 1222 1040 magno

221 1072 345 1149 dolore
376 1072 562 1170 sensimus,
595 1095 723 1169 magno
755 1067 912 1170 periculo
943 1069 1122 1142 sentimus.
1156 1068 1223 1141 Re-

221 1199 314 1275 ocuti
346 1198 407 1274 illo
442 1212 620 1298 tempore,
652 1211 689 1270 tu
723 1196 841 1270 omnia
875 1195 921 1268 ad
955 1220 1098 1295 pacem,
1133 1221 1223 1296 quae
1283 1292 1288 1301 ἡ

219 1324 380 1400 oratione
404 1325 530 1399 confici
555 1348 628 1397 non
660 1336 816 1423 poterat,
849 1346 914 1420 ego
948 1322 1067 1394 omnia
1102 1319 1149 1393 ad
1182 1320 1223 1393 li-

218 1450 410 1549 bertatem,
435 1475 524 1552 quaa
550 1448 624 1522 sine
649 1474 738 1550 pace
757 1447 851 1521 nulla
869 1461 939 1546 est3
966 1473 1089 1548 pacem
1107 1447 1222 1547 ipsam

218 1575 315 1652 bello
339 1590 445 1679 atque
476 1575 581 1650 armis
612 1574 702 1649 ellici
736 1600 840 1674 posse
867 1573 1069 1647 arbitrabar.
1096 1573 1221 1646 Studia

218 1727 293 1777 non
320 1702 465 1778 deerant
490 1728 584 1776 arma
611 1702 850 1804 poscentium,
880 1726 1028 1803 quorum
1057 1701 1222 1800 repressi·

218 1853 297 1904 mus
311 1828 500 1931 impeturn,
516 1828 746 1932 ardoremque
765 1828 996 1902 restinximus.
1022 1829 1146 1928 Itaque
1165 1852 1220 1899 ras

217 1954 255 2030 iu
279 1980 360 2030 eum
384 1954 502 2032 locum
529 1969 689 2054 venerat,
713 1969 754 2028 ut
776 1955 844 2028 nisi
861 1954 1000 2028 Caesari
1018 1954 1219 2027 Octaviano

142 2160 149 2174 ,
220 2081 306 2158 deus
332 2084 476 2186 quidam
500 2082 595 2157 illam
621 2095 775 2156 mentem
801 2079 973 2177 dedisset,
997 2085 1034 2154 in
1060 2093 1218 2180 potesta·

219 2223 291 2284 tem
316 2208 541 2311 perditissimi
574 2209 726 2285 hominis
751 2222 787 2282 et
812 2206 1005 2309 turpissimi
1030 2207 1076 2282 Μ.
1104 2208 1218 2281 Anto·

217 2334 269 2408 nii
291 2334 505 2410 veniendum
531 2337 645 2411 luerit:
679 2360 750 2451 quo
783 2361 865 2408 cum
896 2331 997 2408 vides
1028 2331 1097 2408 hoc
1130 2346 1221 2408 tem·

217 2483 306 2560 pore
329 2459 429 2561 ipso,
461 2461 559 2564 quod
590 2461 652 2559 sit,
684 2475 924 2563 quantumque
955 2472 1141 2534 certamen.
1174 2457 1218 2532 Id

218 2583 378 2687 profecto
401 2587 536 2663 nullum
554 2601 661 2687 esset,
686 2588 753 2660 nisi
779 2602 853 2660 tum
881 2600 1107 2661 conservatus
1125 2599 1219 2660 esset

202 2694 400 2785 'Antonius
426 2713 496 2786 Sed
521 2714 608 2787 haec
634 2716 769 2788 omitto.
801 2714 868 2787 Res
894 2714 987 2786 euim
1012 2740 1031 2786 a
1058 2727 1094 2786 te
1120 2726 1216 2812 gesta

216 2837 451 2912 memorabilis
477 2855 513 2914 et
538 2866 650 2941 paene
676 2840 834 2913 caelestis
860 2839 997 2940 repellit
1022 2864 1145 2912 omnes
1167 2865 1218 2915 re·

214 2963 481 3065 prelrensioues:
513 2967 645 3070 quippe
677 2993 766 3069 quae
791 2993 835 3039 ne
865 2965 970 3039 laude
995 2965 1137 3067 quidem
1162 2991 1218 3039 sa·

217 3089 261 3165 tis
285 3089 412 3168 idonea
439 3093 529 3168 allici
556 3095 675 3195 possit.
702 3095 874 3168 Exstitisti
902 3119 1015 3193 nuper
1040 3089 1139 3166 vultu
1165 3117 1217 3166 se·

215 3241 318 3294 vero:
344 3221 552 3322 exercitum,
577 3222 717 3322 copias,
741 3220 894 3320 legiones
920 3220 1065 3293 idoneas
1090 3245 1155 3320 per
1180 3233 1215 3293 te

212 3341 313 3420 brevi
347 3360 504 3448 tempore
538 3349 760 3449 comparasti.
799 3346 856 3420 Dii
894 3344 1130 3420 immortales!
1159 3345 1218 3447 qui

212 3463 271 3541 itte
296 3473 456 3572 nuntius,
481 3501 570 3576 quae
596 3474 675 3547 illae
700 3475 837 3570 literae,
864 3497 952 3573 quae
978 3471 1089 3544 letitia
1114 3497 1216 3545 sena·

213 3602 288 3690 tus,
320 3623 409 3698 quae
434 3597 594 3676 alacritas
626 3601 777 3675 civitatis
802 3604 895 3672 erat!
929 3596 1026 3672 Nilril
1060 3624 1215 3711 unquam

214 3717 287 3791 vidi
313 3734 385 3796 tam
411 3727 567 3800 omnium
585 3727 814 3802 consensione
831 3723 1023 3799 laudatum.
1049 3727 1137 3799 Erat
1154 3751 1214 3798 ex·

139 3913 142 3920 s
213 3847 386 3947 spectatio
410 3849 631 3954 reliquiarum
651 3852 812 3950 Antonii,
838 3876 945 3952 quem
970 3853 1145 3954 equitatu,
1169 3852 1217 3925 ls-

213 3969 443 4080 gionibusque
467 4005 593 4082 magua
619 4006 662 4056 ex
686 3993 786 4081 parte
807 3975 989 4078 spoliaras:
1016 4005 1056 4053 ea
1075 4004 1216 4082 quoque
