2624 4830
154 392 209 524 “48
497 401 679 496 εινιετοωι44
694 449 803 497 umor.
941 449 973 496 a.
991 453 1025 498 v.
1042 455 1072 499 u.
1090 465 1138 513 μ.

159 577 313 628 essemus
335 549 496 622 tutiores:
523 547 721 650 quibusque
745 547 849 623 rebus
873 562 911 622 et
934 574 1161 626 communem

159 679 306 754 salutem
332 675 477 774 muniri,
507 688 544 746 et
567 699 632 748 uos
658 675 786 749 armari
811 676 1034 776 conveniret,
1059 703 1163 778 prae·

161 810 338 908 cepimus.'
358 804 413 876 Ex
438 827 509 903 quo
536 799 682 900 intelligi
706 814 841 903 potest,
873 815 993 876 'curam
1018 804 1070 876 rei
1095 830 1160 905 pu·

121 957 126 965 ·
161 933 275 1008 blieae
310 954 465 1003 summae
485 943 516 994 ¹⁹
540 925 786 1002 defendendae
820 928 1030 1029 iampridem
1065 929 1159 1033 apud

161 1085 228 1134 nos
252 1055 433 1132 excubare.
457 1053 575 1152 Nunc,
600 1081 710 1157 quum
733 1054 848 1130 Deum
872 1055 1089 1156 benignitate
1108 1056 1157 1131 ab

162 1185 260 1258 omni
284 1208 322 1258 re
344 1207 465 1257 sumus
478 1196 509 1231 ²⁰
527 1182 737 1281 paratiores,
751 1204 825 1256 nou
841 1179 955 1265 solum
972 1181 1063 1253 bene
1080 1207 1159 1280 rpe-

162 1338 238 1384 rare
264 1309 309 1381 de
324 1307 427 1382 nobis
444 1305 624 1404 homiues,
645 1305 709 1380 sed
725 1305 906 1406 explorate
921 1304 1079 1380 iudicare
1099 1332 1160 1380 vo·

161 1434 276 1507 lomus
293 1450 335 1507 ²¹.
360 1434 530 1530 Legiones
551 1430 665 1505 babeo
683 1431 718 1522 V
733 1431 799 1507 sub
816 1433 923 1532 signis
948 1445 985 1506 et
1008 1457 1073 1507 sua
1089 1431 1167 1506 tide

160 1561 359 1661 virtuteque
384 1560 434 1631 rei
460 1556 621 1658 publicae
637 1537 955 1657 coniunctissimas,
980 1570 1018 1631 et
1040 1570 1160 1634 nostra

159 1684 366 1760 liberalitate
397 1682 499 1759 nobis
535 1682 791 1786 obsequentes3
828 1685 1052 1816 provinoiqm
1084 1710 1158 1759 om·

160 1814 258 1887 nium
275 1813 456 1886 civitatum
473 1834 646 1884 consensu
672 1811 944 1911 paratissimam,
961 1825 998 1886 et
1022 1839 1156 1887 surnma

162 1940 390 2015 contentione
407 1937 456 2012 ad
471 1938 586 2012 officia
603 1950 797 2012 certantem
808 1953 859 2038 ²³3
874 1939 1050 2041 equitatus
1065 1940 1160 2013 auxi·

160 2066 356 2168 limumque
389 2079 504 2141 tantas
529 2066 671 2167 copias,
703 2079 851 2165 quantas
876 2064 942 2139 bae
968 2080 1090 2164 gentes
1114 2064 1158 2137 ad

161 2191 419 2264 defendendam
447 2217 547 2265 suam
578 2189 725 2265 salutern
757 2190 1025 2293 libertatemque
1051 2192 1157 2265 conli-

161 2342 240 2390 eere
265 2330 422 2417 possunt
450 2316 530 2417 lpse
561 2316 609 2390 ita
626 2319 659 2368 ⁸³
682 2343 762 2392 sum
787 2317 906 2392 animo
931 2332 1076 2419 paratus
1105 2315 1159 2392 vel

160 2439 380 2543 provinciam
406 2444 509 2540 tueri,
536 2441 593 2516 vel
615 2444 687 2544 ire,
709 2470 779 2548 quo
804 2442 1019 2546 respublica
1039 2457 1158 2542 vooet,

160 2567 218 2640 vel
245 2567 380 2642 tradere
410 2570 600 2645 exercitum
632 2571 757 2644 auxilia
790 2570 1096 2674 provinciamque,
1121 2585 1159 2644 ut

160 2693 217 2767 vel
242 2720 383 2768 omnem
407 2696 579 2798 impetum
603 2696 686 2770 belli
712 2699 749 2772 in
776 2725 832 2771 me
863 2711 1068 2773 convertere
1085 2723 1157 2784 non

122 2876 125 2881 ,
159 2822 387 2919 recusem‚si
412 2822 521 2898 modo
546 2849 626 2899 meo
651 2850 734 2898 casu
767 2839 829 2898 aut
861 2824 1068 2898 confirmare
1101 2852 1159 2926 pa·

160 2947 245 3019 triae
262 2946 427 3048 salutem,
442 2963 503 3023 aut
519 2950 713 3055 periculum
739 2952 873 3052 possim
898 2952 1036 3026 morari.
1060 2952 1157 3025 llaec

159 3072 283 3146 eiiam
313 3073 484 3175 expeditis
518 3075 681 3152 omnibus
713 3076 817 3152 rebus
834 3076 877 3176 ²4,
903 3076 1156 3178 tranquilloque

159 3213 252 3271 statu
279 3199 432 3273 civitatis
464 3199 649 3302 polliceor3
681 3204 719 3276 in
751 3202 881 3276 damno
914 3229 1012 3277 meae
1044 3201 1156 3277 laudis

158 3324 388 3425 reipublicae
406 3326 595 3403 commodo
612 3327 786 3403 laetabor:
812 3331 866 3404 sin
891 3327 937 3403 ad
953 3330 1156 3405 societatem

159 3449 461 3549 integerrimorum
487 3469 523 3527 et
548 3456 777 3529 maximorum
803 3454 1039 3557 periculorum
1063 3480 1158 3530 acue·

159 3572 259 3675 ‹lum3
289 3576 435 3651 consilia
461 3604 538 3681 mea
571 3583 690 3683 aequis
715 3580 889 3655 iudicibus
914 3581 959 3653 ab
980 3581 1154 3658 obtrecta-

158 3699 255 3774 tione
271 3701 470 3777 invidorum
490 3704 710 3781 defendenda
728 3706 948 3784 commendo.
974 3707 1066 3782 Mibi
1081 3709 1154 3812 qui·

157 3822 238 3899 clem
254 3826 322 3928 ipsi
339 3828 472 3903 fructus
488 3833 695 3907 meritorum
709 3859 866 3909 meorum
879 3836 919 3907 iu
930 3834 979 3907 rei
995 3834 1152 3936 publicae

156 3951 394 4032 incolumitate
412 3959 496 4033 satis
514 3984 659 4060 mugnus
684 3975 737 4036 est
755 3975 907 4066 paratus.
924 3963 998 4037 Eos
1020 3989 1102 4038 vero
1114 3961 1156 4056 ²⁵,
