2624 4830
226 384 300 480 418
562 465 564 468 Ι
598 398 858 450 tunortrsouas

266 527 335 569 oum
363 505 489 569 Caesare
517 503 684 562 Octaviano
712 500 810 561 costra
834 499 982 562 habebat:
1014 502 1132 581 Pansa,
1161 503 1235 567 alter

266 611 384 692 eonsul,
405 613 519 672 Romae
541 609 690 671 delectum
703 609 834 673 habendi
856 629 945 669 causa
965 608 1151 690 aliquantum
1173 632 1235 672 mo·

267 733 365 803 ratus,
392 740 470 780 nune
495 729 610 778 tantum
632 739 702 778 cum
723 718 876 781 Carsuleio
897 727 928 777 et
948 715 1045 776 Galba
1065 718 1236 794 tyronibus-

267 851 326 916 que
358 825 499 888 militibus
530 826 665 888 Bononia
697 847 751 909 per
779 825 934 885 Acutiliam
962 822 1039 883 viaria
1072 824 1111 884 ad
1139 837 1234 889 castra

266 920 354 999 Hirtii
380 931 572 1019 procedebat.
594 935 739 996 Antonius
759 953 849 1015 vero,
874 950 970 1017 quum
989 931 1120 995 Pansam
1142 932 1233 996 adse

264 1044 412 1113 Mutinam
437 1041 598 1103 adventare
627 1040 818 1122 intelligeret,
845 1037 1030 1131 haberetque
1058 1042 1088 1106 in
1115 1043 1234 1121 animo,

265 1172 335 1216 eum
358 1173 376 1211 a
396 1124 552 1233 iungebdis
577 1152 678 1209 castris
705 1170 774 1209 cum
802 1148 899 1208 Hirtio
925 1145 1103 1230 probibere,
1131 1147 1232 1211 relicta

266 1270 371 1321 contra
396 1258 526 1329 Hirtium
554 1268 585 1319 et
612 1257 771 1318 Caesarem
796 1276 919 1317 suarum
947 1256 1102 1338 copiarum
1129 1267 1235 1339 parte,

265 1387 334 1430 cum
365 1365 485 1449 reliquis
515 1365 666 1451 proiectus
693 1375 737 1426 est
763 1363 887 1451 obviam·
907 1364 1020 1428 Pansae
1049 1363 1089 1427 ad
1114 1364 1231 1427 Forum

261 1472 431 1543 Gallorum
451 1471 511 1551 lbi,
532 1471 650 1535 duabus
670 1471 879 1536 robustissimis
893 1471 1059 1552 legionibus
1072 1492 1128 1557 per
1141 1494 1233 1534 arun·

265 1579 366 1641 dinsta
388 1578 572 1664 paludesque
592 1579 737 1642 Aemiliae
760 1583 825 1642 viae
851 1579 1011 1667 dispositis,
1039 1562 1123 1641 illurn
1144 1601 1231 1641 exee-

262 1690 321 1771 pit,
342 1686 550 1771 proeliumque
570 1691 716 1753 commisit
730 1689 816 1771 XVll
832 1688 898 1760 Kal.
919 1689 1028 1768 Maias,
1047 1691 1146 1774 primo
1167 1710 1231 1753 tna·
1270 1677 1272 1681 Ι

263 1817 310 1871 ne.
338 1797 372 1856 ln
393 1817 429 1857 eo
450 1797 637 1860 Praetoriaui
662 1798 794 1858 Caesaris
815 1795 855 1858 ad
882 1818 975 1859 unum
997 1795 1101 1878 deleti,
1121 1796 1230 1881 reliqui

263 1904 425 1976 consularis
453 1908 598 1967 exercitus
619 1905 712 1993 fugati
734 1908 811 1966 intra
832 1903 958 1986 sallum,
979 1906 1102 1988 ipseque
1123 1906 1230 1967 consul

262 2015 411 2079 sauciatus
426 2013 521 2074 elatus
534 2014 707 2075 Bononiam.
729 2013 852 2097 lamque
873 2032 979 2094 vesper
998 2009 1178 2095 appetebat,
1198 2025 1231 2074 et

261 2123 389 2193 victores
418 2123 577 2185 Antoniani
607 2121 765 2183 ritulaotes
799 2105 1028 2192 revertebantur
1058 2121 1229 2202 Mutinam,

261 2249 355 2309 quum
377 2250 427 2290 eos
449 2230 563 2293 Hirtius
583 2229 705 2290 obviam
724 2249 899 2312 progressus
919 2228 1101 2290 inordinatos
1123 2251 1159 2291 ex
1173 2233 1232 2291 im·

260 2339 379 2427 proviso
400 2347 504 2397 noetus
525 2349 556 2399 et
575 2337 666 2399 fessos
686 2340 791 2398 itinere
812 2357 973 2420 pugnaque
994 2336 1080 2397 fudit.
1101 2337 1169 2398 Nou
1183 2349 1230 2403 ta-

261 2463 330 2507 men
351 2453 394 2504 est
414 2456 603 2525 persecutus,
623 2446 811 2525 ingruentem
829 2455 947 2518 noctem
963 2455 992 2504 et
1005 2443 1149 2527 palustria
1163 2443 1230 2505 loca

260 2552 379 2612 neritus.
402 2551 450 2611 Sic
467 2554 612 2613 Antonius
631 2551 806 2635 profligatus
820 2555 848 2612 in
864 2551 1007 2634 oppidum
1024 2552 1140 2611 Forum
1157 2550 1231 2613 Gal-

258 2654 357 2715 lorum
373 2679 479 2739 eampo
493 2662 662 2739 proximum
679 2658 819 2735 devertit,
840 2680 968 2741 suosque
983 2659 1064 2718 lusos
1078 2661 1161 2719 iussit
1175 2681 1230 2742 per

258 2771 351 2822 totam
367 2776 485 2827 noctem
502 2765 617 2841 (Galba
633 2778 731 2827 tamen
746 2770 787 2827 ait
801 2789 855 2850 per
869 2777 999 2850 quatuor
1013 2765 1120 2848 horas)
1133 2765 1231 2828 recol·

256 2867 317 2949 ligi.
338 2869 639 2954 th.tppian.13ett.
661 2873 723 2934 Cir.
746 2875 808 2954 ΙΙΙ,
830 2893 888 2959 703
908 2876 996 2937 Dion.
1019 2874 1098 2933 Cass.
1113 2875 1229 2947 xtt‘t,

257 2995 283 3037 c.
305 2975 364 3059 373
386 2979 445 3039 Cir„
466 2980 594 3064 Philipp.
618 2981 700 3064 XIV,
726 3003 770 3044 to.

181 3144 185 3153 ,
216 3078 420 3166 8Legionem
446 3089 583 3162 Martiam
611 3089 675 3172 (ep.
703 3091 885 3167 DCCLXV)
914 3101 1017 3150 contra
1040 3092 1227 3151 Autoniauos

256 3193 429 3273 procedere.

215 3318 237 3381 9
257 3297 383 3386 Sclrtitz,
404 3326 420 3363 e
442 3303 507 3363 cod.
529 3304 635 3373 Dresd.
657 3305 692 3383 3,
709 3319 815 3387 postea
831 3326 896 3364 vero
911 3278 1012 3386 qrtum.
1035 3306 1115 3369 Tum
1131 3309 1227 3366 nostri

255 3411 433 3481 transimus,
456 3411 501 3473 vel
523 3412 695 3476 transiimus·
710 3434 779 3472 cum
794 3412 903 3493 Orell,
925 3423 1044 3495 praetor
1065 3424 1157 3490 sext,
1172 3417 1225 3496 qui

254 3520 482 3598 transmisimus.
508 3521 577 3580 Mox
605 3519 763 3581 duodecim
790 3521 969 3602 cohortium,
999 3523 1139 3583 nimirum
1171 3522 1225 3583 de·

255 3643 336 3705 cetu,
358 3647 436 3706 quae
460 3625 607 3707 legionem
633 3627 797 3706 faciebant,
821 3639 851 3688 et
873 3628 1018 3706 duarum,
1035 3649 1113 3713 qum
1138 3641 1225 3693 erant

252 3727 434 3793 Praetoriae.

218 3855 251 3906 ιο
273 3836 352 3897 Man.
373 3840 480 3915 Lamb,
504 3863 597 3924 quiem
624 3857 748 3926 repente.
775 3842 853 3903 tufi-a
878 3846 1038 3921 concurrit,
1065 3848 1222 3926 proprium

255 3942 379 4016 erebum
405 3947 442 4009 de
464 3949 604 4012 militibus
625 3954 655 4019 iu
675 3949 789 4011 bostem
819 3950 983 4019 ruentibus.
1009 3953 1072 4022 Lis,
1101 3952 1220 4034 xxvi,
