2624 4830
188 429 260 507 apo
551 424 726 477 rrrrrona-
748 426 803 476 ιιι.
967 423 1000 476 c
1017 422 1052 476 v.
1069 422 1099 473 cr
1119 443 1165 486 ,to

187 554 348 634 pomum,
372 543 413 603 nt
437 529 546 631 pluris
572 529 679 603 facias
704 555 805 628 eum,
829 527 890 630 qni
915 524 979 601 tibi
1003 541 1059 603 est
1084 530 1187 604 caris·

186 644 312 755 simus;
344 654 432 731 illud
458 655 580 731 tribue
604 656 734 730 indicio
767 678 865 754 mec,
888 667 930 728 nt
953 653 1018 726 tibi
1045 680 1188 754 persua-

103 802 107 813 ·
187 782 287 884 deas,
313 808 386 857 non
413 778 485 857 lore
508 759 560 856 illi
585 778 803 858 abutendum
828 778 937 881 gloria
961 791 1040 879 tna,
1056 779 1188 854 utadi-

186 894 342 1011 piscatur
365 907 517 984 honores
541 922 718 1011 pntemos.
733 904 885 985 Kalend.
901 907 986 1008 Apr.
1004 904 1186 983 Cnrnchio

664 1287 728 1365 1V·
938 1318 1165 1387 (ιιιιιωιμ)

187 1469 408 1547 Argrrnremmn.
428 1448 477 1527 Dc
497 1467 598 1527 Planci
620 1440 742 1548 egregio
764 1467 795 1526 in
816 1485 879 1527 rem
906 1460 991 1548 publ.
1018 1465 1137 1535 nnimo,
1156 1474 1187 1524 et

225 1577 286 1634 tuis
306 1595 377 1634 cunr
403 1573 533 1634 Servilio
555 1576 585 1632 in
607 1584 710 1634 serratu
731 1572 771 1635 de
790 1572 904 1635 Plnnco
929 1568 1185 1640 contentionibus,

225 1681 336 1764 quitus
357 1702 426 1741 cum
448 1680 568 1742 tandem
590 1679 687 1761 frcgit.
751 1686 756 1699 '

326 1915 381 1966 Ser.
401 1912 495 1965 llomm
514 1915 544 1965 A.
563 1912 596 1966 V.
615 1911 644 1964 C.
664 1912 771 1978 DCCX,
788 1911 857 1965 circa
875 1911 915 1965 ld.
932 1910 1043 1983 Apriles.

506 2110 652 2179 CICERO
677 2109 810 2177 BRVTO
835 2110 865 2177 S.

233 2301 355 2376 Planci
381 2302 536 2375 animum
560 2302 599 2374 in
623 2326 697 2375 rem
722 2296 900 2401 publicam
916 2298 1111 2399 egregium,
1134 2298 1184 2373 le·

184 2427 315 2527 glories,
331 2426 468 2526 auxilia,
485 2428 607 2528 copias
623 2453 667 2501 ex
681 2425 791 2502 literis
806 2428 893 2527 eius,
911 2453 1059 2530 quarum
1071 2453 1184 2500 exem·

184 2551 281 2655 plum
300 2552 364 2627 tibi
380 2555 525 2628 missum
542 2553 709 2655 arbitror,
726 2554 925 2657 perspicere
942 2553 1100 2655 potuisti.
1115 2555 1184 2627 Le·

184 2678 276 2780 pidi,
301 2681 352 2752 tui
376 2680 578 2781 necessarii,
602 2686 663 2784 qni
687 2680 881 2757 secundnm
902 2679 1045 2756 fratrem
1062 2679 1184 2755 affines

182 2804 291 2887 habet
316 2832 405 2910 quos
430 2806 546 2882 oderit
570 2808 769 2910 proximos,
796 2807 975 2883 levitatem
998 2822 1036 2884 et
1060 2808 1184 2883 incon·

183 2934 348 3008 stantiam
373 2935 597 3037 animumque
622 2962 762 3039 semper
789 2934 970 3010 inimicum
993 2935 1045 3010 rei
1067 2933 1184 3038 publi·

183 3086 245 3134 cae
268 3061 340 3135 iam
365 3061 472 3137 credo
498 3061 563 3135 tibi
588 3088 632 3137 ex
655 3077 797 3137 tuorum
822 3061 929 3138 literis
946 3088 1022 3137 esse
1039 3076 1184 3164 perspe-

182 3198 290 3275 ctum.
322 3178 396 3264 Nos
426 3191 644 3291 exspectatio
676 3189 844 3290 solicitat,
874 3214 964 3293 qnae
989 3201 1045 3263 est
1068 3189 1182 3263 omnis

179 3315 316 3388 iamin
347 3294 540 3395 ertremum
573 3315 726 3423 adducta
760 3314 958 3391 discrimen.
992 3315 1058 3389 Est
1089 3315 1183 3388 enim

180 3469 261 3542 spes
286 3445 400 3518 omnis
432 3446 469 3517 in
501 3442 611 3519 Bruto
644 3441 882 3546 expediendo,
909 3442 1049 3546 dequo
1075 3441 1182 3516 vehe-

180 3583 316 3643 menter
333 3569 559 3645 timebamus.
584 3572 663 3670 Ego
687 3570 746 3645 hic
771 3598 853 3646 cum
877 3570 1021 3645 homine
1049 3570 1180 3644 furioso

182 3695 265 3767 satis
289 3694 404 3770 habeo
429 3699 581 3798 negotii,
604 3697 768 3797 Servilio,
799 3724 904 3800 quem
937 3697 1002 3771 tuli
1026 3697 1182 3797 diutius,

182 3836 288 3920 qnam
314 3820 466 3928 dignitas
490 3850 566 3897 mea
593 3825 807 3924 petiebatur:
840 3826 903 3900 sed
937 3824 1002 3898 tuli
1033 3825 1085 3903 rei
1117 3848 1182 3924 pn·

182 3946 294 4023 blicae
312 3975 434 4049 causa,
452 3977 495 4024 ne
514 3950 633 4026 darem
652 3950 799 4052 perditis
825 3951 961 4029 civibus
985 3949 1185 4049 hominem,
