2624 4830
163 410 230 506 134
455 425 623 480 arrarum
651 427 845 478 occcmn.
935 422 967 474 a.
983 424 1018 475 r.
1035 426 1066 476 c.
1083 437 1131 487 510

207 664 269 712 *St-r.
288 659 418 712 incastris
437 663 466 711 t.
484 658 516 710 V.
535 657 565 711 C.
582 657 687 725 nect,
703 656 791 728 paullo
808 663 864 726 post
883 653 932 706 Xll
952 652 1013 706 tn.
1032 653 1091 706 lun.

459 855 635 922 PLANCVS
660 853 846 919 CICERONI

122 1086 126 1095 ·
208 1045 303 1140 Quid
329 1047 365 1118 in
391 1046 508 1118 animo
533 1043 732 1140 habuerim,
757 1066 864 1143 quum
880 1042 1045 1115 Laevusr
1065 1040 1155 1115 Ner-

159 1197 272 1274 vaque
297 1171 572 1244 discesserunta
601 1196 672 1266 me,
704 1183 739 1241 ct
764 1193 806 1240 ex
831 1166 956 1264 literis,
989 1193 1077 1268 quas
1102 1169 1154 1240 eis

160 1297 256 1395 dedi,
280 1310 316 1369 et
340 1322 382 1370 ex
406 1297 490 1396 ipsis
516 1320 727 1394 cognoscere
751 1293 915 1394 potuisti,
947 1293 1007 1393 qui
1041 1294 1155 1365 omni·

158 1420 225 1495 bus
247 1421 353 1499 rebus
378 1421 599 1524 consiliisque
632 1422 718 1494 ineis
750 1419 987 1493 interfuerunt.
1012 1418 1155 1492 Accidit

159 1545 262 1644 mibi,
294 1546 390 1648 quod
421 1545 555 1620 bomini
588 1543 767 1647 pudenti²
792 1558 829 1617 et
853 1543 983 1645 cupido
1016 1542 1154 1617 satisfa-

159 1671 274 1749 ciendi
289 1674 340 1746 rei
356 1671 517 1774 publicae
533 1672 704 1773 bonisque
729 1669 891 1745 omnibus
916 1668 1078 1755 accidere
1095 1694 1152 1742 so·

159 1796 224 1898 let,
240 1813 280 1873 nt
296 1798 477 1873 consilium
495 1824 656 1901 sequerer
672 1797 904 1900 periculosum
921 1797 1049 1896 magis,
1066 1796 1151 1870 dnm

159 1950 216 1997 me
240 1923 443 2027 probarem,
471 1951 574 2027 quam
600 1938 732 2023 tutum,
757 1923 852 2026 qnod
878 1921 1007 1995 babere
1032 1939 1154 2022 posset

160 2049 460 2127 obtrectationem.
478 2054 601 2155 Itaque
616 2065 699 2152 post
716 2047 905 2123 discessum
921 2047 1114 2146 legatomm
1129 2051 1153 2145 ³,

161 2203 267 2277 quum
291 2177 383 2252 binis
400 2180 574 2252 continuis
590 2177 699 2250 literis
716 2190 752 2249 et
768 2175 924 2275 Lepidus
941 2201 1016 2274 me,
1040 2190 1081 2248 ut
1097 2202 1153 2248 ne·

159 2302 286 2401 nirem,
311 2319 462 2402 rogaret,
487 2319 523 2377 et
547 2305 743 2379 Laterensis
767 2299 880 2374 multo
903 2303 1008 2374 etiarn
1026 2302 1155 2400 magis,

160 2452 273 2528 prope
298 2427 507 2529 implorans,
539 2429 786 2503 obtestaretur:
818 2453 891 2501 non
915 2426 1022 2501 ullam
1047 2429 1151 2501 remi

160 2551 263 2625 aliam
285 2555 532 2654 extimescens,
556 2582 658 2656 quam
676 2556 841 2652 eandem,
861 2580 949 2655 quae
966 2552 1052 2626 mibi
1071 2580 1153 2656 quo·

44 2695 46 2699 ’
162 2703 229 2780 qne
256 2679 339 2752 lacit
363 2681 539 2780 timorem,
564 2683 767 2756 varietatem
792 2696 896 2783 atque
912 2679 1152 2755 infidelitatem

161 2804 331 2878 exercitus
356 2805 447 2906 eius,
471 2832 544 2881 non
562 2807 793 2882 dubitandum
810 2807 950 2909 putavi,
977 2808 1063 2908 quin
1080 2832 1153 2880 suc·

161 2954 354 3030 currerem,
387 2956 512 3035 meque
550 2935 727 3007 communi
761 2932 950 3033 periculo⁶
983 2932 1152 3008 offerrem.

160 3053 320 3129 Sciebam
352 3059 463 3158 enim,
489 3073 525 3131 et
549 3062 682 3132 cautius
715 3058 801 3131 illud
825 3071 900 3132 erat
928 3057 1111 3131 consilinm
1128 3062 1153 3155 ⁶,

160 3197 361 3281 exspectare
386 3209 441 3257 me
467 3184 513 3257 ad
538 3187 682 3283 Isaram,
717 3184 800 3257 dum
824 3185 953 3258 Bmtus
979 3185 1152 3257 traiiceret

160 3310 367 3407 exercitum,
391 3324 427 3383 et
452 3337 531 3383 cnm
550 3310 681 3410 collega
699 3311 956 3409 consentiente,
980 3311 1072 3383 sicut
1088 3311 1150 3382 mi·

159 3428 241 3544 lites
254 3433 400 3534 faciunt,
423 3433 582 3510 hostibus
599 3435 740 3511 obviam
757 3437 807 3509 ire
820 3454 850 3508 r:
868 3448 1002 3534 tamen,
1018 3435 1049 3507 si
1066 3432 1151 3536 quid

159 3554 326 3664 Lepidus
345 3558 436 3632 bene
467 3565 618 3635 sentiens
652 3562 851 3636 detrimenti
883 3561 1050 3661 cepisset,
1081 3558 1148 3632 boc

161 3702 266 3752 omne
293 3687 505 3783 assignatum
535 3689 577 3761 iri
610 3703 670 3762 aut
701 3689 912 3788 pertinaciae
943 3710 1060 3784 meae,
1091 3699 1148 3758 aut

160 3804 275 3876 timori
302 3807 464 3882 videbam
477 3814 503 3911 ⁸,
519 3815 547 3885 si
565 3827 625 3886 aut
650 3814 825 3886 hominem
850 3812 1019 3886 offensum
1046 3809 1149 3905 milri,

160 3931 385 4007 coniunctum
419 3963 499 4026 cum
532 3965 569 4012 re
594 3939 761 4039 lpublica,
792 3965 864 4015 non
897 3935 1149 4031 sublevassem,
