2624 4830
169 429 217 531 7⁴
506 448 676 499 errsrotn
703 449 831 498 ncccrx.
946 452 978 500 Α.
995 451 1030 500 v.
1046 454 1077 498 c.
1094 464 1139 513 7¹·

168 556 258 630 ludis
283 569 320 629 ct
343 554 508 629 silvarum
533 553 776 652 transivimus,
801 553 892 626 acies
917 565 971 626 eat
995 555 1163 630 instructa

167 713 187 760 a
214 684 316 758 nobis
337 683 530 777 ¹duodecim
562 681 771 755 cohortium.
803 678 972 754 Nondum
997 697 1165 758 venerant

167 810 321 912 legiones
347 810 454 909 duae,
479 822 623 911 repente
639 824 668 861 ¹⁰
684 807 862 885 Antonius
885 807 924 881 in
948 807 1060 881 aciem
1086 835 1163 883 suas

167 940 287 1041 copias
313 937 359 1010 de
383 939 464 1011 vico
490 935 675 1038 produxit,
698 948 736 1009 et
760 936 835 1008 eine
859 959 958 1008 mora
978 936 1164 1010 concurrit

166 1067 285 1140 Primo
311 1065 359 1138 ita
384 1076 579 1164 pugnatum
604 1074 676 1160 est,
700 1074 741 1134 ut
765 1062 877 1135 acrius
894 1087 968 1137 non
984 1077 1108 1162 posset
1122 1088 1163 1137 ex

166 1206 313 1293 unaque
337 1203 438 1292 parte
464 1189 624 1290 pugnari,
652 1187 717 1261 etsi
732 1201 761 1239 ¹¹
781 1185 956 1263 dexterius
974 1213 1103 1289 cornu,
1125 1189 1163 1262 in

166 1343 236 1419 quo
261 1343 355 1391 cram
382 1343 460 1390 curn
487 1316 634 1389 Martiae
658 1313 805 1413 legionis
831 1313 1037 1389 cohortibus
1063 1329 1164 1414 octo,

166 1445 300 1544 impetu
324 1444 440 1543 primo
469 1442 649 1540 fugaverat
679 1439 856 1539 legionem
879 1467 974 1516 xxxv
998 1443 1163 1541 Antonii,

166 1583 206 1643 ut
230 1567 379 1670 amplius
404 1566 577 1668 paeaus“
593 1584 622 1618 ¹¹
641 1566 731 1640 ultra
757 1568 887 1666 aciem,
910 1592 983 1669 qno
999 1567 1081 1643 loco
1098 1583 1163 1642 ste-

166 1708 274 1796 terat,
305 1697 525 1798 processerit.
557 1695 680 1795 Itaque
706 1719 815 1795 quum
846 1694 1162 1797 equitesnostrum

166 1848 275 1897 cornu
304 1823 450 1896 circuire
468 1822 498 1873 ¹³
525 1819 671 1919 vellent,
704 1820 858 1921 recipere
892 1844 948 1894 me
979 1822 1105 1923 coepi,
1128 1837 1163 1896 et

161 1949 276 2024 levem
307 1961 518 2023 armaturam
538 1945 568 2015 ¹4
592 1972 776 2051 opponere
802 1948 1006 2021 Maurorum
1036 1950 1162 2057 equiti-

161 2077 249 2177 bos,
280 2103 326 2152 ne
358 2101 500 2152 aversos
531 2088 673 2150 nostroe
706 2072 984 2173 aggrederentur.
1016 2075 1161 2148 Interim

162 2204 266 2281 video
303 2230 359 2277 me
390 2229 466 2277 esse
500 2202 594 2275 inter
624 2201 867 2298 Antonianos,
898 2200 1162 2304 Antoniumque

162 2342 248 2431 poet
272 2355 329 2401 me
354 2355 430 2402 esse
456 2328 635 2429 aliquanto
653 2330 692 2400 ¹⁵.
712 2327 871 2426 Repente
887 2351 1017 2428 equum
1034 2328 1162 2403 immisi

162 2454 208 2528 ad
232 2481 312 2527 earn
336 2455 520 2553 legionem.
537 2455 707 2552 tironum,
732 2479 822 2555 quae
846 2451 1012 2526 veniebat
1035 2480 1080 2528 ex
1105 2480 1162 2527 ca-

162 2582 258 2680 etris,
283 2593 384 2654 scuto
410 2582 539 2655 reiecto
558 2584 600 2653 ¹⁶.
624 2581 818 2655 Antoniani
842 2605 900 2653 me
925 2580 1077 2682 irneqni3
1102 2606 1163 2655 no·

162 2708 225 2781 stri
249 2705 322 2810 pria
355 2707 529 2780 coniicere
554 2705 652 2781 velle.
683 2708 758 2805 lta,
787 2707 906 2780 nescio
932 2731 1004 2808 quo
1030 2707 1103 2781 lato
1123 2724 1161 2805 ¹⁷,

130 2832 240 2908 ‘snm
264 2846 441 2931 servatus,
469 2833 565 2936 quod
591 2859 668 2905 sum
694 2833 764 2907 cito
790 2859 810 2906 a
835 2834 964 2906 nostris
990 2834 1161 2932 cognitus.

161 2961 302 3062 luipaa
326 2958 474 3035 Aemilia
493 2961 533 3060 ¹⁸,
558 2959 618 3033 uhi
644 2960 771 3035 cohors
795 2960 956 3034 Caesaris
980 2960 1158 3060 praetoria

161 3099 252 3188 erat,
276 3087 337 3162 din
354 3101 550 3188 pugnabam
566 3100 628 3163 est.
654 3087 776 3164 Cornu
797 3085 991 3162 sinisterius
999 3077 1047 3186 '¹2,
1063 3085 1159 3189 quod

161 3229 235 3289 erat
260 3215 446 3315 infirmius,
475 3212 537 3287 ubi
561 3214 709 3288 Martiae
732 3211 879 3312 legionis
909 3211 1001 3288 duae
1034 3211 1161 3287 cohor·

162 3354 215 3415 tes
232 3354 348 3442 mant,
372 3354 408 3415 et
425 3341 552 3417 cohors
569 3340 762 3443 praetoria,
786 3339 915 3443 pedem
940 3340 1067 3415 referre
1083 3365 1161 3414 coe

161 3483 304 3568 perunt,
337 3468 434 3571 quod
459 3468 503 3542 ab
536 3469 694 3571 equitatu
727 3466 980 3566 circuibantur,
1005 3491 1078 3570 quo
1103 3463 1159 3541 rel

159 3591 348 3692 plurimum
373 3592 466 3668 valet
489 3595 675 3668 Antonius.
707 3596 828 3687 Quum
852 3619 975 3670 omnes
1000 3618 1038 3666 se
1063 3617 1173 3690 rece-¹

158 3717 295 3818 pissent
324 3720 436 3793 nostri
472 3719 637 3820 ordines,
670 3723 825 3822 recipcre
860 3747 915 3795 me
948 3721 1156 3795 nonssimus

159 3847 261 3944 coepi
285 3843 331 3918 ad
355 3858 478 3919 castra.
503 3848 696 3945 Antonius,
731 3862 909 3951 tamquam
935 3849 1066 3945 victor,
1099 3872 1156 3920 ea-

159 3982 272 4044 stw·
291 3972 427 4071 putavit
453 3998 490 4045 se
516 3997 620 4072 posse
647 4000 780 4074 capere.
806 3975 889 4066 Quo
915 4000 1023 4077 quum
1047 3974 1157 4069 venit,
