2624 4830
234 377 308 475 456
600 395 861 448 sunorsrronus

272 515 302 567 ct
319 510 502 565 amrawntm
519 500 593 561 satis
602 496 756 582 fiuquenr.
778 496 856 559 Edu
876 498 932 561 lio.
952 507 984 565 et
1003 497 1110 561 Lumb.
1130 497 1235 561 mm

273 623 303 673 et
320 621 429 691 septem
448 605 582 667 sonorus
602 615 658 667 etc.
779 622 785 635 ·

182 736 188 751 ‘
235 694 274 801 up
296 715 344 777 cd
362 715 400 775 D.
420 713 558 777 Brutum.
578 711 618 774 Iu
633 711 747 774 delectu
759 731 820 795 reon
831 712 953 773 nuruum
965 713 1029 793 spei
1034 757 1044 791 ,
1063 715 1135 795 quis
1150 713 1234 776 tunde

271 841 384 893 nomen
404 818 520 884 dubunt
538 830 570 882 et
588 840 678 902 segre
699 818 804 880 milites
824 822 901 881 novi

235 924 276 995 ²8
292 908 365 1007 'lise
383 941 540 1011 propterca
558 926 649 1017 quod.
669 927 740 988 Mox
752 924 925 1010 smmorta,
943 936 979 987 ut
997 927 1145 1010 triticum,
1163 925 1235 988 hor-

261 1033 386 1116 „dcum,
406 1054 515 1117 nveuu,
534 1033 619 1114 siligo
639 1042 670 1094 et
689 1028 801 1093 similis.
822 1030 862 1093 In
880 1032 975 1106 villis,
995 1029 1054 1093 hoc
1073 1042 1118 1094 est
1138 1031 1234 1093 domi·

273 1139 333 1202 bus
357 1143 389 1203 in
416 1160 490 1224 egro
516 1141 626 1223 positis.
652 1138 734 1222 Ergo
760 1138 877 1201 facilem
895 1149 1096 1201 commentum
1119 1139 1233 1201 hebere

276 1258 421 1335 poniac-

234 1380 277 1444 ²9
295 1357 343 1419 Ex
363 1356 468 1436 literis,
487 1374 564 1436 quse
584 1352 624 1414 ud
644 1372 692 1415 me
716 1355 852 1436 proxime
878 1354 1082 1438 perferentur,
1102 1365 1231 1416 stannum

274 1462 348 1549 quid
367 1465 405 1525 sit
423 1460 496 1523 mihi
517 1459 628 1522 consilii
648 1459 835 1543 cupiendum.
856 1461 961 1545 Quart

236 1571 284 1652 30·
296 1568 387 1633 Abest
406 1568 496 1631 eninm
516 1588 535 1629 u
554 1567 626 1630 Rec.

609 1887 854 1951 Dcccxxxlv.
927 1956 930 1961 Δ

241 2127 253 2168 ι
277 2105 359 2185 Quis
379 2124 473 2188 quum
494 2105 672 2188 scripsisset,
691 2124 722 2165 se
742 2102 780 2164 de
800 2102 905 2188 Lepidi
924 2101 983 2167 fide
1003 2103 1080 2167 bene
1099 2125 1231 2189 sperare,

275 2233 356 2275 nuuc
367 2215 430 2275 eius
441 2208 597 2294 perfidiam
608 2214 743 2273 nuntiare
753 2210 925 2295 cogebatur,
935 2233 1003 2296 epp.
1010 2212 1232 2276 Deccxxvtt

276 2331 308 2383 et
325 2319 541 2381 Dcccxvffl.
563 2320 698 2402 Quarter.
724 2319 797 2381 Mox
818 2312 926 2391 umbo.
955 2330 1016 2381 tres
1032 2341 1102 2381 cum
1125 2320 1230 2383 Lumb.

275 2429 381 2491 sinon
399 2445 442 2488 ex
461 2427 571 2488 aliena.
592 2426 712 2510 Aliena,
732 2429 872 2489 nimirum
892 2427 1007 2510 Lepidi.

236 2556 255 2598 u
276 2535 384 2597 Grues.
406 2543 474 2618 post
493 2533 567 2594 lens.
588 2534 690 2595 omnia
707 2534 823 2617 petenti.
844 2535 912 2595 seit.
934 2535 1056 2619 Lepido.

236 2641 255 2702 3
276 2641 371 2724 ldest,
393 2641 470 2701 hene
490 2642 632 2701 sentiente
648 2641 777 2723 Lepido,
798 2663 844 2725 ep.
859 2641 1088 2703 Dcccxxvlt.
1110 2642 1229 2702 umus

275 2758 306 2808 et
325 2746 385 2806 zet.
406 2748 429 2805 B
451 2747 521 2806 berre
541 2745 667 2827 Lepido.

234 2855 256 2934 4
275 2854 381 2915 Literis
395 2855 457 2915 cius
471 2875 562 2913 muuu
575 2855 700 2938 scriptis,
714 2855 797 2937 quod
810 2867 855 2917 est
868 2869 1075 2938 argumentum
1088 2857 1128 2918 ud
1140 2855 1231 2919 fidem

274 2960 439 3022 faciendam
453 2964 625 3022 muxirnum.
639 2963 711 3024 Mox
722 2967 885 3046 praesentis
899 2963 982 3026 abest
995 2964 1130 3027 ubAmb.
1141 2986 1232 3048 quar·

274 3068 371 3131 todec.

233 3174 254 3238 5
273 3178 412 3258 Legerim
433 3176 504 3238 dum
523 3176 609 3259 apud
627 3200 673 3239 me
693 3193 772 3250 erat3
798 3179 927 3261 alioquin
948 3200 1007 3239 non
1027 3180 1130 3259 video,
1155 3199 1231 3263 quo·

272 3283 365 3347 modo
384 3283 444 3346 hoc
463 3287 602 3369 componi
621 3289 713 3369 possit
733 3307 801 3347 cum
822 3307 885 3369 sup.
904 3288 1076 3368 praesentis.

232 3389 255 3453 6
273 3391 378 3454 Lamb.
399 3415 446 3454 res
466 3413 600 3467 summa,
627 3405 659 3454 et
679 3395 701 3454 Ι.
722 3395 757 3454 F.
784 3395 952 3454 Gronovius
978 3397 1087 3475 corrigi
1112 3393 1234 3456 volebat

274 3522 320 3560 nes
337 3522 371 3583 p.
391 3521 526 3579 summu,
546 3500 629 3583 quod
650 3501 798 3562 Gruterus
822 3504 947 3584 recepit:
973 3499 1026 3563 sed
1045 3504 1086 3561 sic
1106 3520 1168 3561 non
1187 3500 1234 3562 di·

273 3608 368 3685 citur,
387 3606 526 3668 Ernestio
546 3607 661 3691 iudice,
687 3619 764 3670 esset
787 3629 905 3670 summa
924 3630 971 3669 nes
987 3630 1037 3692 p.,
1059 3612 1144 3670 utin
1165 3629 1233 3691 epp.

273 3710 456 3794 ceLxxx,
482 3731 519 3794 ²3
547 3714 638 3798 XXI,
664 3714 692 3787 5,
709 3726 739 3777 et
758 3714 897 3797 Decet,
922 3727 983 3777 not
1009 3735 1062 3798 19,
1088 3713 1233 3809 aliisque,

271 3836 345 3897 quus
366 3815 423 3876 illic
443 3817 638 3902 laudavimus.

232 3942 251 4003 ⁷
271 3921 432 4008 Graevius,
452 3925 525 3991 Lnli.
549 3928 649 4013 Quwn
671 3931 701 3990 in
720 3929 968 4012 Isaraflumine,
989 3952 1027 3992 ex
1047 3930 1233 3993 correctione
