2624 4830
250 423 322 497 306
592 434 761 488 errarunt
785 436 864 483 xnr.
1026 433 1157 482 nun
1177 443 1224 496 μω

247 559 285 620 et
311 569 391 620 meo
421 542 563 616 nomine
589 554 625 613 et
648 540 698 613 rei
731 536 893 639 publicae
918 535 1115 634 carissime,
1140 535 1245 609 nimis

248 669 389 747 eredere
413 666 543 742 videris
568 667 643 767 spei
672 676 768 736 tuae:
800 662 1005 764 statimque,
1027 673 1069 734 ut
1094 660 1241 763 quisque

248 794 380 899 aliquid
404 808 498 870 reete
523 792 659 890 lecerit,
683 791 800 865 omnia
834 788 917 863 dare
951 814 992 863 eo
1025 790 1244 888 permittere:

248 922 347 1026 quaesi
372 946 446 995 non
470 918 574 992 liceat
598 914 734 992 traduci
760 914 806 988 ad
835 915 926 989 mala
952 914 1097 989 consilia
1126 941 1244 988 eumu-
1292 982 1301 1003 ,

249 1060 352 1151 ptum
373 1043 614 1146 largitionibus
630 1045 794 1117 animum.
820 1044 921 1135 Quae
937 1055 998 1115 tua
1014 1055 1070 1115 est
1084 1039 1245 1114 humaui·

249 1186 320 1272 tes,
343 1193 458 1275 aequo
489 1171 608 1245 animo
632 1183 668 1245 te
694 1169 828 1243 moneri
859 1168 1017 1268 patieris,
1042 1167 1245 1268 praesertim

250 1297 296 1372 rle
321 1297 498 1372 communi
522 1287 651 1370 salute:
685 1296 789 1369 facies
820 1298 957 1396 umen,
981 1292 1079 1396 quod
1103 1291 1170 1366 tibi
1194 1292 1246 1364 vi·

249 1450 327 1499 sum
344 1416 462 1498 luerit:
487 1423 590 1497 etiam
608 1447 689 1523 ego,
713 1448 821 1525 quum
846 1447 903 1495 rue
930 1419 1100 1495 docueris.
1128 1418 1247 1516 Nunc,

250 1548 393 1649 Cicero,
417 1573 511 1622 nunc
528 1547 701 1648 agendum
719 1562 788 1647 est,
812 1573 857 1622 ne
874 1547 1016 1647 frustra,
1039 1571 1246 1647 oppressum

250 1700 327 1749 esse
351 1676 559 1773 Antonium,
587 1675 697 1772 gavisi
723 1675 847 1773 simus,
878 1699 947 1749 neu
979 1698 1119 1774 semper
1144 1672 1248 1773 primi

124 1786 127 1791 ⁵
250 1801 418 1903 uniusque
437 1800 519 1874 mali
544 1783 727 1874 excidendi
753 1825 858 1874 causa
883 1801 945 1899 sit,
970 1812 1011 1873 ut
1036 1798 1131 1873 aliud
1148 1825 1249 1873 rena·

251 1941 370 2002 suatur
392 1925 453 2002 illo
486 1927 597 2028 peius.
627 1925 723 2002 Nihil
754 1927 825 1999 iam
855 1947 969 2028 neque
1002 1926 1249 2029 opinantibus,

250 2065 314 2128 'aut
336 2053 552 2156 patientibus
575 2052 698 2152 nobis,
721 2052 860 2126 adversi
884 2052 1023 2126 evenire
1047 2067 1189 2153 potest,
1212 2054 1247 2126 in

251 2200 324 2281 'quo
339 2202 415 2254 non
431 2205 539 2281 quum
555 2180 712 2252 omnium
738 2178 857 2278 culpa,
882 2192 957 2251 tum
982 2181 1173 2280 praecipue
1189 2193 1248 2303 tua

253 2294 368 2378 lutura
394 2305 455 2380 sit:
480 2305 579 2378 cuius
605 2319 739 2378 tantam
765 2305 1008 2379 auctoritatem
1041 2318 1183 2380 senatus
1208 2331 1248 2379 ae

251 2427 405 2530 populus
435 2431 612 2504 Romanus
642 2456 715 2503 uon
748 2430 862 2504 solum
894 2458 969 2506 esse
1002 2434 1155 2533 patitur,
1186 2431 1248 2507 sed

252 2555 358 2627 etiem
394 2558 514 2656 cupit,
544 2571 674 2656 quanta
708 2559 857 2632 maxima
890 2560 937 2654 in⁸
960 2557 1069 2632 libera
1107 2561 1247 2634 civitate

252 2681 355 2753 unius
379 2706 453 2754 esse
478 2696 611 2781 potest:
638 2708 741 2786 quum
769 2697 804 2756 tu
832 2709 905 2757 non
931 2684 1043 2758 solum
1060 2685 1152 2759 bene
1170 2713 1248 2760 sen·

253 2805 392 2905 tiendo,
416 2807 476 2879 sed
503 2808 607 2880 etiam
624 2808 815 2908 prudenter
833 2812 920 2884 tueri
947 2810 1061 2884 debes.
1089 2812 1248 2886 Pruden-

222 2930 302 3011 slia
326 2936 450 3031 portu,
475 2953 563 3034 quae
594 2931 659 3007 tibi
684 2951 862 3037 superest,
887 2937 981 3010 nulla
1008 2937 1069 3010 abs
1096 2953 1130 3012 te
1158 2939 1248 3013 desi·

254 3050 413 3157 deratur,
431 3060 498 3131 uisi
523 3060 649 3134 modus
674 3062 711 3134 in
736 3063 929 3137 tribuendis
951 3063 1153 3139 honoribus.
1171 3066 1247 3140 Atia

252 3182 371 3258 omnia
396 3185 446 3258 sio
471 3186 610 3260 abunde
636 3188 783 3290 adsunt,
808 3204 848 3262 ut
873 3217 953 3262 cum
979 3190 1136 3292 quolibet
1159 3195 1249 3265 anti·

252 3333 401 3410 quorum
438 3315 633 3412 comparari
667 3317 804 3415 possint
836 3329 915 3389 tuae
948 3317 1102 3390 virtutes.
1127 3317 1248 3390 Vnum

250 3431 340 3535 troo,
364 3449 462 3534 grato
487 3440 604 3514 animo
637 3430 838 3544 liberalique
865 3442 1077 3542 profectum,
1112 3445 1247 3516 cautio-

251 3580 325 3632 rem
341 3584 384 3634 ae
400 3563 669 3640 moderatiorem
688 3568 929 3641 liberalitatem
949 3568 1131 3642 desiderat.
1152 3567 1249 3643 Nihil

251 3685 346 3757 enim
370 3703 511 3762 senatus
536 3694 697 3795 cuiquam
724 3694 806 3768 dare
825 3695 947 3795 debet,
967 3695 1062 3797 quod
1079 3693 1171 3769 male
1188 3720 1247 3768 co·

252 3809 441 3906 gitantibus
457 3817 635 3916 exemplo,
652 3833 712 3891 aut
729 3823 902 3919 praesidio
921 3824 974 3894 sit.
1000 3824 1121 3923 Itaque
1139 3823 1245 3893 timeo

254 3931 299 4009 de
316 3936 515 4040 consulatu,
538 3968 583 4016 ue
609 3946 738 4019 Caesar
755 3961 834 4021 tuus
853 3949 954 4022 altius
973 3974 1009 4022 se
1027 3949 1246 4024 adscendisse
