<?xml version="1.0" encoding="UTF-8"?>
<!DOCTYPE html PUBLIC "-//W3C//DTD XHTML 1.0 Transitional//EN"
    "http://www.w3.org/TR/xhtml1/DTD/xhtml1-transitional.dtd">
<html xmlns="http://www.w3.org/1999/xhtml" xml:lang="en" lang="en">
 <head>
  <title>
</title>
<meta http-equiv="Content-Type" content="text/html;charset=utf-8" />
  <meta name='ocr-system' content='tesseract 3.04.00' />
  <meta name='ocr-capabilities' content='ocr_page ocr_carea ocr_par ocr_line ocrx_word'/>
</head>
<body>
  <div class='ocr_page' id='page_1' title='image "./mtulliiciceroni17cicegoog_0501.png"; bbox 0 0 2624 4830; ppageno 0'>
   <div class='ocr_carea' id='block_1_1' title="bbox 479 424 717 473">
    <p class='ocr_par' dir='ltr' id='par_1_1' title="bbox 479 424 717 473">
     <span class='ocr_line' id='line_1_1' title="bbox 479 424 717 473; baseline 0.017 -4"><span class='ocrx_word' id='word_1_1' title='bbox 479 426 511 472; x_wconf 82' lang='grc' dir='ltr'><strong>ΙΝ</strong></span> <span class='ocrx_word' id='word_1_2' title='bbox 540 424 717 473; x_wconf 74' lang='lat' dir='ltr'><strong>nets&#39;tuots</strong></span> 
     </span>
    </p>
   </div>
   <div class='ocr_carea' id='block_1_2' title="bbox 517 740 683 803">
    <p class='ocr_par' dir='ltr' id='par_1_2' title="bbox 517 740 683 803">
     <span class='ocr_line' id='line_1_2' title="bbox 517 740 683 803; baseline 0 -1"><span class='ocrx_word' id='word_1_3' title='bbox 517 740 683 803; x_wconf 76' lang='lat' dir='ltr'><strong>ncccttt.</strong></span> 
     </span>
    </p>
   </div>
   <div class='ocr_carea' id='block_1_3' title="bbox 97 952 1248 3616">
    <p class='ocr_par' dir='ltr' id='par_1_3' title="bbox 105 952 1248 1041">
     <span class='ocr_line' id='line_1_3' title="bbox 105 952 1248 1041; baseline 0.006 -24"><span class='ocrx_word' id='word_1_4' title='bbox 105 979 114 1016; x_wconf 84' lang='grc' dir='ltr'>ι</span> <span class='ocrx_word' id='word_1_5' title='bbox 139 955 231 1017; x_wconf 70' lang='lat' dir='ltr'><strong>Abest</strong></span> <span class='ocrx_word' id='word_1_6' title='bbox 250 954 382 1036; x_wconf 79' lang='lat' dir='ltr'><strong>quotidie</strong></span> <span class='ocrx_word' id='word_1_7' title='bbox 401 952 441 1014; x_wconf 81' lang='lat' dir='ltr'><strong>nb</strong></span> <span class='ocrx_word' id='word_1_8' title='bbox 462 954 548 1016; x_wconf 83' lang='lat' dir='ltr'><strong>Amb.</strong></span> <span class='ocrx_word' id='word_1_9' title='bbox 574 955 630 1041; x_wconf 77' lang='lat'><strong>15,</strong></span> <span class='ocrx_word' id='word_1_10' title='bbox 645 960 697 1040; x_wconf 87' lang='lat' dir='ltr'><strong>qui</strong></span> <span class='ocrx_word' id='word_1_11' title='bbox 711 968 741 1019; x_wconf 89' lang='lat' dir='ltr'><strong>et</strong></span> <span class='ocrx_word' id='word_1_12' title='bbox 754 975 822 1019; x_wconf 79' lang='lat' dir='ltr'><strong>mox</strong></span> <span class='ocrx_word' id='word_1_13' title='bbox 833 958 930 1019; x_wconf 73' lang='lat' dir='ltr'><strong>subito</strong></span> <span class='ocrx_word' id='word_1_14' title='bbox 947 960 1095 1027; x_wconf 72' lang='lat' dir='ltr'><strong>nuntiavit.</strong></span> <span class='ocrx_word' id='word_1_15' title='bbox 1227 963 1248 1027; x_wconf 87' lang='grc'><strong>,“</strong></span> 
     </span>
    </p>

    <p class='ocr_par' dir='ltr' id='par_1_4' title="bbox 100 1061 1097 1255">
     <span class='ocr_line' id='line_1_4' title="bbox 100 1061 1097 1147; baseline 0.006 -26"><span class='ocrx_word' id='word_1_16' title='bbox 100 1083 118 1121; x_wconf 84' lang='lat'>2</span> <span class='ocrx_word' id='word_1_17' title='bbox 141 1062 278 1122; x_wconf 79' lang='lat' dir='ltr'>Correxit</span> <span class='ocrx_word' id='word_1_18' title='bbox 306 1061 460 1122; x_wconf 84' lang='lat' dir='ltr'><strong>Ernestius</strong></span> <span class='ocrx_word' id='word_1_19' title='bbox 490 1061 592 1145; x_wconf 83' lang='lat' dir='ltr'><strong>quod,</strong></span> <span class='ocrx_word' id='word_1_20' title='bbox 619 1074 653 1124; x_wconf 84' lang='lat' dir='ltr'><strong>ut</strong></span> <span class='ocrx_word' id='word_1_21' title='bbox 684 1063 773 1143; x_wconf 82' lang='lat' dir='ltr'><strong>alibi,</strong></span> <span class='ocrx_word' id='word_1_22' title='bbox 804 1086 871 1147; x_wconf 86' lang='lat' dir='ltr'><strong>epp.</strong></span> <span class='ocrx_word' id='word_1_23' title='bbox 902 1066 995 1145; x_wconf 87' lang='lat' dir='ltr'>CCII,</span> <span class='ocrx_word' id='word_1_24' title='bbox 1022 1087 1041 1127; x_wconf 81' lang='lat' dir='ltr'><strong>n</strong></span> <span class='ocrx_word' id='word_1_25' title='bbox 1067 1076 1097 1127; x_wconf 88' lang='lat' dir='ltr'><strong>et</strong></span> 
     </span>
     <span class='ocr_line' id='line_1_5' title="bbox 142 1167 994 1255; baseline 0.011 -29"><span class='ocrx_word' id='word_1_26' title='bbox 142 1169 327 1229; x_wconf 81' lang='lat' dir='ltr'>CDXXIIIX</span> <span class='ocrx_word' id='word_1_27' title='bbox 347 1171 407 1230; x_wconf 82' lang='lat' dir='ltr'><strong>lnit.</strong></span> <span class='ocrx_word' id='word_1_28' title='bbox 430 1171 480 1230; x_wconf 90' lang='lat' dir='ltr'><strong>Tu</strong></span> <span class='ocrx_word' id='word_1_29' title='bbox 500 1167 568 1231; x_wconf 84' lang='lat' dir='ltr'><strong>vide</strong></span> <span class='ocrx_word' id='word_1_30' title='bbox 588 1168 627 1230; x_wconf 87' lang='lat' dir='ltr'><strong>nd</strong></span> <span class='ocrx_word' id='word_1_31' title='bbox 648 1192 694 1255; x_wconf 86' lang='lat' dir='ltr'><strong>ep.</strong></span> <span class='ocrx_word' id='word_1_32' title='bbox 713 1173 895 1255; x_wconf 87' lang='lat' dir='ltr'>DCCXVII,</span> <span class='ocrx_word' id='word_1_33' title='bbox 915 1195 943 1233; x_wconf 89' lang='lat' dir='ltr'><strong>n.</strong></span> <span class='ocrx_word' id='word_1_34' title='bbox 965 1173 994 1236; x_wconf 80' lang='grc'><strong>3.</strong></span> 
     </span>
    </p>

    <p class='ocr_par' dir='ltr' id='par_1_5' title="bbox 102 1276 872 1358">
     <span class='ocr_line' id='line_1_6' title="bbox 102 1276 872 1358; baseline 0.012 -25"><span class='ocrx_word' id='word_1_35' title='bbox 102 1278 119 1333; x_wconf 81' lang='lat'>3</span> <span class='ocrx_word' id='word_1_36' title='bbox 142 1277 227 1337; x_wconf 80' lang='lat' dir='ltr'><strong>Amb.</strong></span> <span class='ocrx_word' id='word_1_37' title='bbox 248 1276 268 1337; x_wconf 91' lang='lat'><strong>6</strong></span> <span class='ocrx_word' id='word_1_38' title='bbox 288 1279 422 1338; x_wconf 82' lang='lat' dir='ltr'><strong>maxime</strong></span> <span class='ocrx_word' id='word_1_39' title='bbox 441 1291 539 1338; x_wconf 77' lang='lat' dir='ltr'><strong>atttem</strong></span> <span class='ocrx_word' id='word_1_40' title='bbox 560 1279 679 1358; x_wconf 78' lang='lat' dir='ltr'><strong>longum</strong></span> <span class='ocrx_word' id='word_1_41' title='bbox 699 1300 872 1342; x_wconf 82' lang='lat' dir='ltr'><strong>sermonem.</strong></span> 
     </span>
    </p>

    <p class='ocr_par' dir='ltr' id='par_1_6' title="bbox 100 1384 452 1458">
     <span class='ocr_line' id='line_1_7' title="bbox 100 1384 452 1458; baseline 0.011 -16"><span class='ocrx_word' id='word_1_42' title='bbox 100 1384 120 1458; x_wconf 70' lang='grc'><em>4</em></span> <span class='ocrx_word' id='word_1_43' title='bbox 139 1385 173 1443; x_wconf 93' lang='lat' dir='ltr'><strong>L.</strong></span> <span class='ocrx_word' id='word_1_44' title='bbox 195 1384 314 1445; x_wconf 81' lang='lat' dir='ltr'>Planco.</span> <span class='ocrx_word' id='word_1_45' title='bbox 336 1385 452 1446; x_wconf 74' lang='lat' dir='ltr'><strong>Manat</strong></span> 
     </span>
    </p>

    <p class='ocr_par' dir='ltr' id='par_1_7' title="bbox 97 1489 1097 1683">
     <span class='ocr_line' id='line_1_8' title="bbox 97 1489 1097 1578; baseline 0.007 -30"><span class='ocrx_word' id='word_1_46' title='bbox 97 1489 119 1548; x_wconf 76' lang='lat'><strong><em>5</em></strong></span> <span class='ocrx_word' id='word_1_47' title='bbox 139 1491 207 1550; x_wconf 88' lang='lat' dir='ltr'><strong>Scil.</strong></span> <span class='ocrx_word' id='word_1_48' title='bbox 227 1492 345 1570; x_wconf 83' lang='lat' dir='ltr'><strong>Marco,</strong></span> <span class='ocrx_word' id='word_1_49' title='bbox 366 1495 417 1574; x_wconf 85' lang='lat' dir='ltr'><strong>qni</strong></span> <span class='ocrx_word' id='word_1_50' title='bbox 438 1503 502 1555; x_wconf 81' lang='lat' dir='ltr'><strong>erat</strong></span> <span class='ocrx_word' id='word_1_51' title='bbox 522 1496 552 1553; x_wconf 90' lang='lat' dir='ltr'><strong>in</strong></span> <span class='ocrx_word' id='word_1_52' title='bbox 572 1493 763 1573; x_wconf 77' lang='lat' dir='ltr'><strong>Macedonio,</strong></span> <span class='ocrx_word' id='word_1_53' title='bbox 782 1495 883 1578; x_wconf 81' lang='lat' dir='ltr'>ibique</span> <span class='ocrx_word' id='word_1_54' title='bbox 896 1495 1033 1577; x_wconf 78' lang='lat' dir='ltr'><strong>privatirn</strong></span> <span class='ocrx_word' id='word_1_55' title='bbox 1048 1516 1097 1555; x_wconf 91' lang='lat' dir='ltr'><strong>re·</strong></span> 
     </span>
     <span class='ocr_line' id='line_1_9' title="bbox 137 1573 1095 1683; baseline 0.004 -26"><span class='ocrx_word' id='word_1_56' title='bbox 137 1598 192 1658; x_wconf 84' lang='lat' dir='ltr'><strong>bus</strong></span> <span class='ocrx_word' id='word_1_57' title='bbox 213 1602 272 1659; x_wconf 88' lang='lat' dir='ltr'><strong>suis</strong></span> <span class='ocrx_word' id='word_1_58' title='bbox 293 1599 479 1678; x_wconf 80' lang='lat' dir='ltr'>consulebat,</span> <span class='ocrx_word' id='word_1_59' title='bbox 505 1573 576 1660; x_wconf 83' lang='lat' dir='ltr'><strong>nihil</strong></span> <span class='ocrx_word' id='word_1_60' title='bbox 598 1599 635 1661; x_wconf 93' lang='lat' dir='ltr'><strong>de</strong></span> <span class='ocrx_word' id='word_1_61' title='bbox 655 1599 781 1683; x_wconf 86' lang='lat' dir='ltr'><strong>publicis</strong></span> <span class='ocrx_word' id='word_1_62' title='bbox 800 1603 831 1662; x_wconf 91' lang='lat' dir='ltr'><strong>in</strong></span> <span class='ocrx_word' id='word_1_63' title='bbox 851 1601 935 1663; x_wconf 84' lang='lat' dir='ltr'><strong>Italia</strong></span> <span class='ocrx_word' id='word_1_64' title='bbox 956 1601 1095 1668; x_wconf 78' lang='lat' dir='ltr'><strong>solicitus.</strong></span> 
     </span>
    </p>

    <p class='ocr_par' dir='ltr' id='par_1_8' title="bbox 97 1706 1096 2091">
     <span class='ocr_line' id='line_1_10' title="bbox 97 1706 1096 1789; baseline 0.002 -24"><span class='ocrx_word' id='word_1_65' title='bbox 97 1706 118 1766; x_wconf 83' lang='lat'><strong>6</strong></span> <span class='ocrx_word' id='word_1_66' title='bbox 137 1707 231 1766; x_wconf 84' lang='lat' dir='ltr'><strong>Erant</strong></span> <span class='ocrx_word' id='word_1_67' title='bbox 251 1709 346 1786; x_wconf 83' lang='lat' dir='ltr'><strong>enim,</strong></span> <span class='ocrx_word' id='word_1_68' title='bbox 365 1710 417 1789; x_wconf 88' lang='lat' dir='ltr'><strong>qui</strong></span> <span class='ocrx_word' id='word_1_69' title='bbox 439 1708 653 1787; x_wconf 75' lang='lat' dir='ltr'><strong>Octavianum,</strong></span> <span class='ocrx_word' id='word_1_70' title='bbox 673 1709 831 1770; x_wconf 81' lang='lat' dir='ltr'><strong>interfectis</strong></span> <span class='ocrx_word' id='word_1_71' title='bbox 851 1710 948 1769; x_wconf 81' lang='lat' dir='ltr'><strong>Panse</strong></span> <span class='ocrx_word' id='word_1_72' title='bbox 971 1719 1002 1770; x_wconf 92' lang='lat' dir='ltr'><strong>et</strong></span> <span class='ocrx_word' id='word_1_73' title='bbox 1024 1708 1096 1769; x_wconf 87' lang='lat' dir='ltr'><strong>Hir-</strong></span> 
     </span>
     <span class='ocr_line' id='line_1_11' title="bbox 137 1814 1093 1898; baseline 0.003 -25"><span class='ocrx_word' id='word_1_74' title='bbox 137 1816 178 1874; x_wconf 90' lang='lat' dir='ltr'><strong>ti0</strong></span> <span class='ocrx_word' id='word_1_75' title='bbox 208 1834 301 1896; x_wconf 79' lang='lat' dir='ltr'><strong>coss,</strong></span> <span class='ocrx_word' id='word_1_76' title='bbox 327 1814 365 1875; x_wconf 83' lang='lat' dir='ltr'><strong>ad</strong></span> <span class='ocrx_word' id='word_1_77' title='bbox 392 1817 565 1897; x_wconf 80' lang='lat' dir='ltr'><strong>petitionem</strong></span> <span class='ocrx_word' id='word_1_78' title='bbox 597 1814 766 1876; x_wconf 78' lang='lat' dir='ltr'><strong>consulatus</strong></span> <span class='ocrx_word' id='word_1_79' title='bbox 791 1814 1000 1897; x_wconf 78' lang='lat' dir='ltr'><strong>impellerent,</strong></span> <span class='ocrx_word' id='word_1_80' title='bbox 1027 1835 1093 1898; x_wconf 87' lang='lat' dir='ltr'><strong>epp.</strong></span> 
     </span>
     <span class='ocr_line' id='line_1_12' title="bbox 135 1920 1094 2005; baseline 0 -23"><span class='ocrx_word' id='word_1_81' title='bbox 135 1922 319 2005; x_wconf 85' lang='lat' dir='ltr'>DCCCLIV,</span> <span class='ocrx_word' id='word_1_82' title='bbox 340 1943 358 1984; x_wconf 76' lang='lat' dir='ltr'><strong>o</strong></span> <span class='ocrx_word' id='word_1_83' title='bbox 380 1934 411 1984; x_wconf 88' lang='lat' dir='ltr'><strong>et</strong></span> <span class='ocrx_word' id='word_1_84' title='bbox 430 1921 470 1983; x_wconf 81' lang='lat' dir='ltr'><strong>ed</strong></span> <span class='ocrx_word' id='word_1_85' title='bbox 489 1922 619 1984; x_wconf 82' lang='lat' dir='ltr'><strong>Brutum</strong></span> <span class='ocrx_word' id='word_1_86' title='bbox 639 1923 711 1983; x_wconf 83' lang='lat' dir='ltr'>XIII</span> <span class='ocrx_word' id='word_1_87' title='bbox 732 1944 751 1983; x_wconf 83' lang='lat' dir='ltr'><strong>o</strong></span> <span class='ocrx_word' id='word_1_88' title='bbox 770 1920 849 2001; x_wconf 85' lang='lat' dir='ltr'><strong>med.</strong></span> <span class='ocrx_word' id='word_1_89' title='bbox 869 1932 900 1984; x_wconf 88' lang='lat' dir='ltr'><strong>et</strong></span> <span class='ocrx_word' id='word_1_90' title='bbox 919 1922 992 1983; x_wconf 85' lang='lat' dir='ltr'>XIII</span> <span class='ocrx_word' id='word_1_91' title='bbox 1016 1923 1094 1983; x_wconf 80' lang='lat' dir='ltr'><strong>circo</strong></span> 
     </span>
     <span class='ocr_line' id='line_1_13' title="bbox 138 2029 586 2091; baseline 0.011 -4"><span class='ocrx_word' id='word_1_92' title='bbox 138 2032 199 2090; x_wconf 86' lang='lat' dir='ltr'><strong>init.</strong></span> <span class='ocrx_word' id='word_1_93' title='bbox 220 2031 336 2091; x_wconf 85' lang='lat' dir='ltr'><strong>Manut.</strong></span> <span class='ocrx_word' id='word_1_94' title='bbox 584 2029 586 2032; x_wconf 50' lang='grc'>’</span> 
     </span>
    </p>

    <p class='ocr_par' dir='ltr' id='par_1_9' title="bbox 97 2118 1167 3510">
     <span class='ocr_line' id='line_1_14' title="bbox 97 2118 1099 2220; baseline 0 -24"><span class='ocrx_word' id='word_1_95' title='bbox 97 2158 114 2216; x_wconf 91' lang='lat'>7</span> <span class='ocrx_word' id='word_1_96' title='bbox 137 2118 363 2220; x_wconf 39' lang='lat' dir='ltr'><strong>Pnuoos&#39;Igitur</strong></span> <span class='ocrx_word' id='word_1_97' title='bbox 382 2157 485 2199; x_wconf 83' lang='lat' dir='ltr'><strong>versus</strong></span> <span class='ocrx_word' id='word_1_98' title='bbox 505 2139 615 2220; x_wconf 75' lang='lat' dir='ltr'><strong>pugion</strong></span> <span class='ocrx_word' id='word_1_99' title='bbox 639 2137 789 2220; x_wconf 78' lang='lat' dir='ltr'><strong>cupiebat:</strong></span> <span class='ocrx_word' id='word_1_100' title='bbox 814 2136 912 2197; x_wconf 83' lang='lat' dir='ltr'><strong>brevis</strong></span> <span class='ocrx_word' id='word_1_101' title='bbox 933 2139 1011 2198; x_wconf 84' lang='lat' dir='ltr'><strong>enirn</strong></span> <span class='ocrx_word' id='word_1_102' title='bbox 1039 2136 1099 2197; x_wconf 49' lang='lat' dir='ltr'><strong>od*</strong></span> 
     </span>
     <span class='ocr_line' id='line_1_15' title="bbox 136 2244 1093 2328; baseline -0.002 -23"><span class='ocrx_word' id='word_1_103' title='bbox 136 2244 259 2306; x_wconf 82' lang='lat' dir='ltr'><strong>modurn</strong></span> <span class='ocrx_word' id='word_1_104' title='bbox 279 2244 355 2306; x_wconf 78' lang='lat' dir='ltr'><strong>haee</strong></span> <span class='ocrx_word' id='word_1_105' title='bbox 375 2245 513 2328; x_wconf 82' lang='lat' dir='ltr'><strong>epistole,</strong></span> <span class='ocrx_word' id='word_1_106' title='bbox 527 2244 610 2306; x_wconf 78' lang='lat' dir='ltr'><strong>etad</strong></span> <span class='ocrx_word' id='word_1_107' title='bbox 625 2247 683 2306; x_wconf 75' lang='lat' dir='ltr'><strong>Att.</strong></span> <span class='ocrx_word' id='word_1_108' title='bbox 697 2266 744 2327; x_wconf 87' lang='lat' dir='ltr'><strong>ep.</strong></span> <span class='ocrx_word' id='word_1_109' title='bbox 757 2245 900 2306; x_wconf 85' lang='lat' dir='ltr'>DCXXX</span> <span class='ocrx_word' id='word_1_110' title='bbox 914 2264 1008 2326; x_wconf 86' lang='lat' dir='ltr'><strong>quum</strong></span> <span class='ocrx_word' id='word_1_111' title='bbox 1023 2265 1093 2327; x_wconf 87' lang='lat' dir='ltr'><strong>por-</strong></span> 
     </span>
     <span class='ocr_line' id='line_1_16' title="bbox 134 2351 1093 2436; baseline -0.003 -23"><span class='ocrx_word' id='word_1_112' title='bbox 134 2371 231 2434; x_wconf 80' lang='lat' dir='ltr'><strong>pnuoa</strong></span> <span class='ocrx_word' id='word_1_113' title='bbox 250 2355 426 2436; x_wconf 68' lang='lat' dir='ltr'><strong>tempsisset,</strong></span> <span class='ocrx_word' id='word_1_114' title='bbox 446 2352 530 2414; x_wconf 80' lang='lat' dir='ltr'><strong>dirit:</strong></span> <span class='ocrx_word' id='word_1_115' title='bbox 551 2353 698 2434; x_wconf 75' lang='lat' dir='ltr'><strong>complere</strong></span> <span class='ocrx_word' id='word_1_116' title='bbox 715 2354 858 2435; x_wconf 80' lang='lat' dir='ltr'><strong>paginam</strong></span> <span class='ocrx_word' id='word_1_117' title='bbox 872 2351 959 2413; x_wconf 81' lang='lat' dir='ltr'><strong>volui.</strong></span> <span class='ocrx_word' id='word_1_118' title='bbox 980 2353 1093 2413; x_wconf 82' lang='lat' dir='ltr'><strong>Rursus</strong></span> 
     </span>
     <span class='ocr_line' id='line_1_17' title="bbox 134 2459 1093 2543; baseline 0 -25"><span class='ocrx_word' id='word_1_119' title='bbox 134 2461 259 2542; x_wconf 76' lang='lat' dir='ltr'><strong>pagine,</strong></span> <span class='ocrx_word' id='word_1_120' title='bbox 282 2463 306 2521; x_wconf 83' lang='lat' dir='ltr'><strong>si</strong></span> <span class='ocrx_word' id='word_1_121' title='bbox 330 2461 424 2523; x_wconf 86' lang='lat' dir='ltr'><strong>modo</strong></span> <span class='ocrx_word' id='word_1_122' title='bbox 441 2482 503 2522; x_wconf 81' lang='lat' dir='ltr'><strong>uun</strong></span> <span class='ocrx_word' id='word_1_123' title='bbox 523 2471 583 2543; x_wconf 83' lang='lat' dir='ltr'><strong>est,</strong></span> <span class='ocrx_word' id='word_1_124' title='bbox 611 2463 680 2521; x_wconf 81' lang='lat' dir='ltr'><strong>sutis</strong></span> <span class='ocrx_word' id='word_1_125' title='bbox 707 2459 795 2540; x_wconf 81' lang='lat' dir='ltr'><strong>longo</strong></span> <span class='ocrx_word' id='word_1_126' title='bbox 819 2459 985 2521; x_wconf 81' lang='lat' dir='ltr'><strong>ostenditur</strong></span> <span class='ocrx_word' id='word_1_127' title='bbox 1010 2461 1093 2542; x_wconf 88' lang='lat' dir='ltr'><strong>epist.</strong></span> 
     </span>
     <span class='ocr_line' id='line_1_18' title="bbox 135 2551 1092 2652; baseline -0.001 -25"><span class='ocrx_word' id='word_1_128' title='bbox 135 2567 267 2629; x_wconf 88' lang='lat' dir='ltr'>CCLVII</span> <span class='ocrx_word' id='word_1_129' title='bbox 289 2570 319 2627; x_wconf 93' lang='lat' dir='ltr'><strong>in</strong></span> <span class='ocrx_word' id='word_1_130' title='bbox 339 2590 376 2629; x_wconf 87' lang='lat' dir='ltr'><strong>eo</strong></span> <span class='ocrx_word' id='word_1_131' title='bbox 397 2551 464 2630; x_wconf 80' lang='lat' dir='ltr'><strong>locri</strong></span> <span class='ocrx_word' id='word_1_132' title='bbox 484 2567 501 2652; x_wconf 66' lang='grc' dir='ltr'>ζ</span> <span class='ocrx_word' id='word_1_133' title='bbox 521 2568 543 2645; x_wconf 76' lang='grc'>4</span> <span class='ocrx_word' id='word_1_134' title='bbox 562 2582 696 2629; x_wconf 74' lang='lat' dir='ltr'><strong>extrema</strong></span> <span class='ocrx_word' id='word_1_135' title='bbox 712 2569 835 2651; x_wconf 78' lang='lat' dir='ltr'><strong>pagello</strong></span> <span class='ocrx_word' id='word_1_136' title='bbox 847 2568 974 2651; x_wconf 78' lang='lat' dir='ltr'><strong>pupugit</strong></span> <span class='ocrx_word' id='word_1_137' title='bbox 984 2588 1031 2626; x_wconf 87' lang='lat' dir='ltr'><strong>me</strong></span> <span class='ocrx_word' id='word_1_138' title='bbox 1042 2579 1092 2626; x_wconf 81' lang='lat' dir='ltr'><strong>tuo</strong></span> 
     </span>
     <span class='ocr_line' id='line_1_19' title="bbox 133 2674 1167 2760; baseline -0.004 -27"><span class='ocrx_word' id='word_1_139' title='bbox 133 2676 339 2758; x_wconf 74' lang='lat' dir='ltr'><strong>elrirogruplto.</strong></span> <span class='ocrx_word' id='word_1_140' title='bbox 360 2675 421 2738; x_wconf 87' lang='lat' dir='ltr'><strong>Sed</strong></span> <span class='ocrx_word' id='word_1_141' title='bbox 442 2675 583 2760; x_wconf 84' lang='lat' dir='ltr'><strong>epistolae</strong></span> <span class='ocrx_word' id='word_1_142' title='bbox 597 2676 769 2759; x_wconf 79' lang='lat' dir='ltr'><strong>Coelianee,</strong></span> <span class='ocrx_word' id='word_1_143' title='bbox 783 2678 830 2737; x_wconf 88' lang='lat' dir='ltr'><strong>cui</strong></span> <span class='ocrx_word' id='word_1_144' title='bbox 845 2676 905 2736; x_wconf 88' lang='lat' dir='ltr'><strong>Cic.</strong></span> <span class='ocrx_word' id='word_1_145' title='bbox 920 2674 960 2736; x_wconf 91' lang='lat' dir='ltr'><strong>ibi</strong></span> <span class='ocrx_word' id='word_1_146' title='bbox 973 2693 1094 2756; x_wconf 80' lang='lat' dir='ltr'><strong>respon·</strong></span> <span class='ocrx_word' id='word_1_147' title='bbox 1165 2726 1167 2729; x_wconf 84' lang='grc'><strong>,</strong></span> 
     </span>
     <span class='ocr_line' id='line_1_20' title="bbox 135 2781 1091 2866; baseline -0.001 -25"><span class='ocrx_word' id='word_1_148' title='bbox 135 2781 200 2863; x_wconf 83' lang='lat' dir='ltr'><strong>det,</strong></span> <span class='ocrx_word' id='word_1_149' title='bbox 221 2785 312 2858; x_wconf 19' lang='lat' dir='ltr'><strong>cuins·</strong></span> <span class='ocrx_word' id='word_1_150' title='bbox 325 2785 439 2845; x_wconf 83' lang='lat' dir='ltr'><strong>Initium</strong></span> <span class='ocrx_word' id='word_1_151' title='bbox 461 2795 520 2863; x_wconf 84' lang='lat' dir='ltr'><strong>est,</strong></span> <span class='ocrx_word' id='word_1_152' title='bbox 539 2786 611 2846; x_wconf 85' lang='lat' dir='ltr'><strong>Non</strong></span> <span class='ocrx_word' id='word_1_153' title='bbox 630 2783 747 2858; x_wconf 80' lang='lat' dir='ltr'><strong>dubito,</strong></span> <span class='ocrx_word' id='word_1_154' title='bbox 767 2792 828 2844; x_wconf 84' lang='lat' dir='ltr'><strong>non</strong></span> <span class='ocrx_word' id='word_1_155' title='bbox 840 2804 913 2864; x_wconf 78' lang='lat' dir='ltr'><strong>uon,</strong></span> <span class='ocrx_word' id='word_1_156' title='bbox 927 2781 1091 2866; x_wconf 73' lang='lat' dir='ltr'><strong>sedplurns</strong></span> 
     </span>
     <span class='ocr_line' id='line_1_21' title="bbox 130 2890 1092 2974; baseline 0.001 -24"><span class='ocrx_word' id='word_1_157' title='bbox 130 2890 287 2971; x_wconf 73' lang='lat' dir='ltr'><strong>pagellae,</strong></span> <span class='ocrx_word' id='word_1_158' title='bbox 307 2900 367 2951; x_wconf 82' lang='lat' dir='ltr'><strong>tres</strong></span> <span class='ocrx_word' id='word_1_159' title='bbox 387 2890 512 2952; x_wconf 80' lang='lat' dir='ltr'><strong>fortasse</strong></span> <span class='ocrx_word' id='word_1_160' title='bbox 533 2902 584 2952; x_wconf 81' lang='lat' dir='ltr'><strong>unt</strong></span> <span class='ocrx_word' id='word_1_161' title='bbox 604 2903 745 2974; x_wconf 81' lang='lat' dir='ltr'><strong>quatuor,</strong></span> <span class='ocrx_word' id='word_1_162' title='bbox 765 2892 874 2952; x_wconf 78' lang='lat' dir='ltr'><strong>fiterInt</strong></span> <span class='ocrx_word' id='word_1_163' title='bbox 892 2909 1011 2952; x_wconf 83' lang='lat' dir='ltr'><strong>necesse</strong></span> <span class='ocrx_word' id='word_1_164' title='bbox 1031 2899 1092 2968; x_wconf 84' lang='lat' dir='ltr'><strong>est,</strong></span> 
     </span>
     <span class='ocr_line' id='line_1_22' title="bbox 134 2996 1092 3081; baseline 0.001 -25"><span class='ocrx_word' id='word_1_165' title='bbox 134 2999 218 3057; x_wconf 88' lang='lat' dir='ltr'><strong>ouius</strong></span> <span class='ocrx_word' id='word_1_166' title='bbox 232 2998 271 3058; x_wconf 85' lang='lat' dir='ltr'><strong>ad</strong></span> <span class='ocrx_word' id='word_1_167' title='bbox 281 3008 446 3059; x_wconf 81' lang='lat' dir='ltr'><strong>extremam</strong></span> <span class='ocrx_word' id='word_1_168' title='bbox 456 2999 606 3061; x_wconf 79' lang='lat' dir='ltr'><strong>Ciceronis</strong></span> <span class='ocrx_word' id='word_1_169' title='bbox 616 2999 665 3061; x_wconf 84' lang='lat' dir='ltr'><strong>ille</strong></span> <span class='ocrx_word' id='word_1_170' title='bbox 674 2998 766 3060; x_wconf 78' lang='lat' dir='ltr'><strong>verbo</strong></span> <span class='ocrx_word' id='word_1_171' title='bbox 776 2996 965 3081; x_wconf 82' lang='lat' dir='ltr'><strong>respondent.</strong></span> <span class='ocrx_word' id='word_1_172' title='bbox 975 2997 1092 3069; x_wconf 67' lang='lat' dir='ltr'><strong>Mauo.</strong></span> 
     </span>
     <span class='ocr_line' id='line_1_23' title="bbox 133 3103 1091 3189; baseline 0 -26"><span class='ocrx_word' id='word_1_173' title='bbox 133 3103 239 3165; x_wconf 89' lang='lat' dir='ltr'><strong>Plures</strong></span> <span class='ocrx_word' id='word_1_174' title='bbox 252 3104 341 3166; x_wconf 84' lang='lat' dir='ltr'><strong>luisse</strong></span> <span class='ocrx_word' id='word_1_175' title='bbox 356 3105 496 3188; x_wconf 80' lang='lat' dir='ltr'><strong>epistolae</strong></span> <span class='ocrx_word' id='word_1_176' title='bbox 516 3106 663 3189; x_wconf 73' lang='lat' dir='ltr'><strong>pagellas,</strong></span> <span class='ocrx_word' id='word_1_177' title='bbox 683 3106 814 3166; x_wconf 84' lang='lat' dir='ltr'><strong>indicent</strong></span> <span class='ocrx_word' id='word_1_178' title='bbox 827 3104 876 3165; x_wconf 84' lang='lat' dir='ltr'><strong>illo</strong></span> <span class='ocrx_word' id='word_1_179' title='bbox 888 3104 927 3164; x_wconf 78' lang='lat' dir='ltr'><strong>ud</strong></span> <span class='ocrx_word' id='word_1_180' title='bbox 941 3104 980 3181; x_wconf 85' lang='lat' dir='ltr'><strong>Q.</strong></span> <span class='ocrx_word' id='word_1_181' title='bbox 994 3103 1030 3164; x_wconf 84' lang='lat' dir='ltr'><strong>fr.</strong></span> <span class='ocrx_word' id='word_1_182' title='bbox 1044 3124 1091 3185; x_wconf 91' lang='lat' dir='ltr'><strong>ep.</strong></span> 
     </span>
     <span class='ocr_line' id='line_1_24' title="bbox 134 3209 1090 3294; baseline 0 -26"><span class='ocrx_word' id='word_1_183' title='bbox 134 3210 203 3286; x_wconf 85' lang='lat' dir='ltr'>LII,</span> <span class='ocrx_word' id='word_1_184' title='bbox 217 3209 252 3270; x_wconf 89' lang='lat'><strong>6:</strong></span> <span class='ocrx_word' id='word_1_185' title='bbox 267 3232 359 3292; x_wconf 74' lang='lat' dir='ltr'><strong>quiem</strong></span> <span class='ocrx_word' id='word_1_186' title='bbox 372 3213 451 3275; x_wconf 75' lang='lat' dir='ltr'><strong>hano</strong></span> <span class='ocrx_word' id='word_1_187' title='bbox 460 3214 607 3294; x_wconf 71' lang='lat' dir='ltr'><strong>paginam</strong></span> <span class='ocrx_word' id='word_1_188' title='bbox 619 3225 757 3281; x_wconf 65' lang='lat' dir='ltr'><strong>tenerum</strong></span> <span class='ocrx_word' id='word_1_189' title='bbox 775 3210 814 3270; x_wconf 85' lang='lat' dir='ltr'><strong>od</strong></span> <span class='ocrx_word' id='word_1_190' title='bbox 829 3213 887 3271; x_wconf 78' lang='lat' dir='ltr'><strong>su</strong></span> <span class='ocrx_word' id='word_1_191' title='bbox 902 3209 1035 3287; x_wconf 85' lang='lat' dir='ltr'>CCLVI,</span> <span class='ocrx_word' id='word_1_192' title='bbox 1060 3231 1090 3268; x_wconf 90' lang='lat' dir='ltr'><strong>r:</strong></span> 
     </span>
     <span class='ocr_line' id='line_1_25' title="bbox 131 3311 1091 3402; baseline 0 -29"><span class='ocrx_word' id='word_1_193' title='bbox 131 3330 300 3395; x_wconf 79' lang='lat' dir='ltr'><strong>postremae</strong></span> <span class='ocrx_word' id='word_1_194' title='bbox 312 3332 379 3381; x_wconf 76' lang='lat' dir='ltr'><strong>mae</strong></span> <span class='ocrx_word' id='word_1_195' title='bbox 389 3321 530 3400; x_wconf 80' lang='lat' dir='ltr'><strong>paginae.</strong></span> <span class='ocrx_word' id='word_1_196' title='bbox 549 3319 583 3379; x_wconf 91' lang='lat' dir='ltr'><strong>In</strong></span> <span class='ocrx_word' id='word_1_197' title='bbox 598 3318 719 3402; x_wconf 84' lang='lat' dir='ltr'><strong>epistole</strong></span> <span class='ocrx_word' id='word_1_198' title='bbox 733 3328 832 3387; x_wconf 78' lang='lat' dir='ltr'><strong>tomen</strong></span> <span class='ocrx_word' id='word_1_199' title='bbox 846 3311 1058 3394; x_wconf 83' lang='lat' dir='ltr'>CLXXXVII,</span> <span class='ocrx_word' id='word_1_200' title='bbox 1071 3315 1091 3373; x_wconf 84' lang='lat'>3</span> 
     </span>
     <span class='ocr_line' id='line_1_26' title="bbox 131 3422 1092 3510; baseline -0.004 -26"><span class='ocrx_word' id='word_1_201' title='bbox 131 3423 186 3484; x_wconf 90' lang='lat' dir='ltr'><strong>ubi</strong></span> <span class='ocrx_word' id='word_1_202' title='bbox 206 3423 314 3486; x_wconf 82' lang='lat' dir='ltr'><strong>dieitur</strong></span> <span class='ocrx_word' id='word_1_203' title='bbox 333 3427 420 3488; x_wconf 74' lang='lat' dir='ltr'><strong>liuius</strong></span> <span class='ocrx_word' id='word_1_204' title='bbox 430 3428 563 3510; x_wconf 73' lang='lat' dir='ltr'><strong>paginae</strong></span> <span class='ocrx_word' id='word_1_205' title='bbox 579 3426 757 3507; x_wconf 76' lang='lat' dir='ltr'><strong>contractio,</strong></span> <span class='ocrx_word' id='word_1_206' title='bbox 777 3423 886 3485; x_wconf 76' lang='lat' dir='ltr'><strong>dicitur</strong></span> <span class='ocrx_word' id='word_1_207' title='bbox 906 3422 1015 3506; x_wconf 75' lang='lat' dir='ltr'><strong>pagina</strong></span> <span class='ocrx_word' id='word_1_208' title='bbox 1034 3440 1092 3504; x_wconf 89' lang='lat' dir='ltr'><strong>pro</strong></span> 
     </span>
    </p>

    <p class='ocr_par' dir='ltr' id='par_1_10' title="bbox 112 3532 932 3616">
     <span class='ocr_line' id='line_1_27' title="bbox 112 3532 932 3616; baseline 0.015 -26"><span class='ocrx_word' id='word_1_209' title='bbox 112 3533 248 3614; x_wconf 49' lang='lat' dir='ltr'><strong>iintegro</strong></span> <span class='ocrx_word' id='word_1_210' title='bbox 268 3535 398 3616; x_wconf 81' lang='lat' dir='ltr'><strong>epistola.</strong></span> <span class='ocrx_word' id='word_1_211' title='bbox 926 3532 932 3546; x_wconf 81' lang='lat'>&#39;</span> 
     </span>
    </p>
   </div>
   <div class='ocr_carea' id='block_1_4' title="bbox 0 0 1316 4830">
    <p class='ocr_par' dir='ltr' id='par_1_11' title="bbox 0 0 1316 4830">
     <span class='ocr_line' id='line_1_28' title="bbox 0 0 1316 4830; baseline 0 1"><span class='ocrx_word' id='word_1_212' title='bbox 0 0 1316 4830; x_wconf 95' lang='lat' dir='ltr'><strong> </strong></span> 
     </span>
    </p>
   </div>
  </div>
 </body>
</html>
