2624 4830
243 399 313 492 304
594 421 763 469 crrsroca
790 423 867 468 xur.
1024 418 1055 469 n.
1072 423 1107 470 v.
1124 423 1153 472 c.
1170 437 1219 485 μ·

394 651 448 701 Sor.
467 667 498 721 rr
516 651 604 699 castris
625 652 653 700 rt.
674 596 705 698 ξ’.
725 648 755 700 C.
775 645 881 713 DCCX,
902 646 990 700 idibus
1010 647 1089 701 Maiis.

530 846 683 910 BRVTVS
709 845 897 911 CICERONI
922 844 952 909 S.

289 1038 432 1130 Quanta
449 1035 515 1108 sim
532 1032 664 1108 laetitia
682 1033 844 1133 affectus,
858 1035 1007 1134 cognitis
1024 1031 1129 1110 rebus
1139 1036 1242 1113 Bruti

240 1165 351 1238 nostri
387 1175 423 1235 et
457 1159 658 1258 consulum,
688 1159 823 1239 facilius
854 1173 908 1234 est
937 1159 1001 1233 tibi
1026 1162 1243 1263 existimare,

240 1313 347 1391 quam
373 1287 459 1360 mihi
485 1286 644 1360 scrihere.
671 1287 790 1379 Quum
816 1285 881 1360 alia
905 1284 1027 1385 laudo,
1050 1301 1088 1360 et
1104 1289 1240 1388 gaudeo

240 1412 428 1512 accidisse,
452 1426 527 1486 tum
549 1411 644 1514 quod
662 1414 761 1486 Bruti
779 1413 917 1513 eruptio
942 1437 1015 1488 non
1040 1412 1156 1489 solum
1171 1416 1239 1518 ipsi

240 1536 400 1613 salutaris
425 1537 505 1635 suit,
530 1538 593 1612 sed
618 1539 724 1611 etiam
743 1538 895 1612 maximo
912 1537 959 1612 ad
975 1540 1159 1615 victoriam
1177 1542 1240 1617 ad·

239 1664 407 1739 iumento.
439 1662 548 1758 Quod
577 1663 717 1762 scribis,
741 1665 846 1737 trium
871 1665 1106 1740 Antoniorum
1132 1693 1237 1742 unam

239 1803 344 1893 atque
373 1790 520 1865 eandem
554 1816 694 1864 causam
728 1816 823 1864 esse:
856 1791 941 1892 quid
973 1817 1038 1891 ego
1068 1786 1239 1893 sentiam,

238 1917 309 1995 mei
332 1917 452 1992 iudicii
477 1942 568 1992 esse:
600 1931 718 1992 statuo
744 1915 847 2015 nihil,
879 1918 945 1991 nisi
971 1917 1055 1991 hoc:
1089 1919 1237 1995 Senatus

238 2057 303 2118 aut
324 2044 447 2145 popuii
472 2044 621 2118 Romani
654 2043 824 2117 iudicium
847 2069 922 2120 esse
948 2043 992 2116 de
1017 2045 1059 2118 iis
1084 2044 1237 2144 civibus,

238 2172 298 2272 qui
312 2185 508 2273 pugnantes
526 2196 598 2242 non
614 2171 818 2244 interierint.
831 2209 881 2228 —·-
893 2173 940 2244 At
956 2169 1026 2243 hoc
1043 2171 1175 2271 ipsum,
1186 2174 1237 2245 in·

236 2297 352 2397 quies,
375 2298 494 2399 inique
519 2297 620 2397 facis,
645 2299 705 2398 qni
730 2285 873 2370 hostilis¹
886 2297 991 2370 animi
1016 2299 1053 2369 in
1078 2323 1153 2371 rem
1170 2324 1234 2399 pu·

235 2416 363 2496 blicam
381 2421 540 2497 homines
558 2424 652 2496 cives
670 2422 833 2524 appelles.
849 2422 1023 2496 -···Immo
1038 2425 1234 2502 iustissime

236 2548 344 2641 Quod
369 2551 460 2621 enirn
493 2548 650 2622 nondum
685 2563 825 2622 senatus
852 2550 1002 2648 censuit,
1027 2575 1092 2623 nec
1118 2576 1234 2652 popu·

234 2672 288 2747 lus
321 2676 498 2748 Romanus
524 2676 640 2774 iussit,
673 2675 709 2748 id
735 2691 935 2774 arroganter
960 2701 1033 2749 non
1059 2676 1233 2775 praeiudi·

234 2825 297 2899 co,
322 2827 434 2902 neque
461 2827 590 2874 revoco
619 2801 665 2874 ad
690 2801 869 2875 arbitrium
898 2829 1022 2875 meum.
1047 2802 1140 2875 Illud
1158 2805 1233 2904 qui·

236 2926 316 2999 dem
341 2953 413 3001 non
440 2942 557 3024 muto,
582 2928 679 3030 quod
705 2930 754 3027 ei,
780 2956 884 3030 quern
909 2956 966 3002 me
992 2928 1153 3003 occidere
1178 2956 1232 3002 res

233 3077 307 3128 non
333 3056 465 3154 coegit,
489 3081 602 3157 neque
620 3055 806 3128 crudeliter
823 3058 1009 3158 quicquam
1027 3057 1157 3155 eripui,
1174 3082 1233 3129 ne·

235 3205 302 3282 que
327 3180 494 3255 dissolute
520 3183 707 3283 quicquam
732 3184 849 3257 remisi
857 3210 867 3281 5
893 3181 1069 3283 habuique
1095 3184 1132 3254 in
1152 3207 1230 3256 mea

234 3321 427 3407 potestate,
453 3308 572 3410 quoad
596 3309 727 3383 bellum
752 3309 830 3382 fuit·
859 3308 972 3382 Multo
999 3308 1140 3409 quidem
1166 3307 1231 3383 ho·

231 3436 363 3508 nestius
388 3433 523 3534 iudico,
555 3437 733 3538 magisque
767 3436 862 3536 quod
892 3434 1084 3509 concedere
1117 3436 1231 3534 possit

233 3583 287 3634 res
320 3560 477 3662 publica,
509 3564 715 3637 miserorum
747 3561 923 3636 fortunam
952 3586 1024 3634 non
1049 3562 1229 3658 insectari,

232 3710 338 3787 quam
362 3687 496 3761 infinite
522 3688 673 3764 tribuere
698 3688 920 3790 potentibus,
945 3714 1033 3789 quae
1054 3686 1229 3787 cupidita·

232 3822 303 3882 tem
328 3825 364 3885 et
391 3817 623 3914 arrogantiam
648 3815 834 3890 incendere
851 3816 996 3916 possint.
1024 3814 1228 3911 Quamne,

231 3936 371 4038 Cicero,
397 3941 449 4016 vir
468 3943 599 4041 optime
625 3969 666 4016 ac
692 3943 895 4041 fortissime,
920 3941 1075 4043 miliique
1102 3941 1228 4016 men'to
