2624 4830
163 428 212 504 30
462 446 633 499 errarunt
659 444 833 496 nccrcvu.
937 441 1019 495 nr.
1035 446 1066 495 c.
1083 460 1130 508 μ.

243 675 297 728 sa.
314 674 343 728 n
358 673 447 727 aare
461 671 594 726 rasae·
612 674 646 725 r.
665 671 699 724 v.
716 671 748 724 c
766 668 959 753 nccx,nm
977 669 1087 724 mara.

188 873 221 938 C.
246 871 404 936 casstvs
428 869 594 937 tironos,
617 870 661 934 bl
685 870 722 934 t.
746 867 935 936 CICERONI
958 868 990 932 S.
1013 867 1047 933 l’.
1072 869 1138 935 D.¹

211 1061 247 1135 Si
272 1059 386 1158 vales,
411 1058 503 1133 bene
527 1073 596 1132 est:
629 1083 696 1158 ego
721 1056 865 1160 quidem
889 1056 1000 1132 valeo.
1027 1057 1071 1131 In
1095 1060 1160 1160 Sy·

160 1185 250 1261 riam
272 1210 330 1259 me
353 1185 553 1287 profectum
575 1210 651 1259 ense
675 1186 767 1259 scito
791 1183 838 1258 ad
862 1186 901 1257 1.
919 1184 1109 1257 blumum²
1126 1200 1162 1259 et

161 1313 205 1406 Q.
223 1312 403 1413 Crispum,
417 1313 656 1413 imperatores.
680 1311 760 1385 Viri
776 1308 883 1384 sortes
900 1311 1095 1412 optimique
1112 1311 1161 1384 ci-

162 1463 241 1538 ves,
264 1451 388 1539 postea
410 1462 515 1541 quam
533 1436 733 1537 audierunt,
749 1462 839 1539 quae
855 1438 988 1510 Romae
1006 1461 1163 1536 gereren-

161 1577 221 1640 tur
235 1565 263 1664 3,
285 1564 456 1639 exereitus
481 1562 568 1639 mibi
594 1562 833 1663 tradiderunt,
861 1564 998 1666 ipsique
1023 1588 1160 1636 mecum

160 1715 232 1765 una
249 1689 445 1765 fortissimo
469 1691 589 1765 animo
613 1717 689 1766 rem
709 1689 888 1791 publicam
905 1688 1160 1764 administrant

160 1816 252 1892 Item
275 1816 467 1919 legionem,
496 1843 602 1921 quam
633 1817 680 1910 Q.
710 1816 885 1891 Caecilius
917 1815 1075 1891 Bassusl
1099 1815 1161 1890 bn·

160 1941 256 2045 buit,
283 1944 331 2019 ad
360 1970 417 2019 me
444 1946 582 2019 venisse
613 1945 722 2043 scito,
747 1956 966 2046 quatuorque
990 1941 1163 2041 legiones,

162 2096 249 2173 quas
272 2071 313 2145 b
338 2070 523 2147 Allienus⁶
540 2094 583 2146 ex
599 2074 765 2173 Aegypto
792 2070 928 2169 eduxit,
952 2068 1100 2144 traditus
1116 2068 1160 2143 ab

160 2219 205 2269 eo
230 2195 315 2269 mihi
339 2222 415 2271 esse
445 2200 547 2272 scitu.
579 2198 684 2273 Nunc
716 2211 751 2270 te
783 2196 1062 2271 cohortatione⁶
1087 2213 1159 2269 non

159 2333 249 2421 putu
272 2320 445 2422 indigere,
469 2334 510 2395 ut
533 2346 600 2396 nos
625 2321 788 2396 absentes
806 2348 948 2425 remque
964 2320 1159 2435 publicam,

160 2459 331 2548 quantum
355 2460 410 2521 cst
432 2447 469 2520 in
486 2461 521 2520 te
533 2465 559 2547 ⁷,
576 2445 751 2522 delendas.
777 2449 874 2522 Scire
892 2463 927 2522 te
945 2448 1043 2548 volo,
1059 2449 1157 2522 firma

160 2570 333 2671 praesidia
358 2572 460 2647 vobis
480 2574 684 2676 senatuique
701 2599 773 2648 non
793 2574 951 2674 deesset,
967 2588 1007 2647 ut
1024 2576 1158 2675 optima

161 2722 225 2797 spe
249 2711 286 2771 et
310 2700 463 2773 maximo
480 2700 598 2774 animo
615 2726 688 2774 rem
707 2701 883 2802 publicam
903 2699 1078 2774 defendas.
1096 2703 1158 2774 lle·

146 2821 255 2925 ,liqua
273 2837 388 2898 tecum
406 2839 486 2924 aget
501 2830 541 2901 L.
554 2829 727 2927 Carteius,
743 2826 919 2901 familiaris
936 2854 1042 2901 meus.
1060 2827 1158 2901 Vale.

161 2948 251 3024 Data
276 2950 387 3026 Nonis
412 2954 563 3053 Martiis,
588 2981 630 3028 ex
658 2957 780 3029 eastris
805 2955 992 3029 Taricheis.

343 3309 345 3313 ¹
422 3318 425 3323 ’
521 3331 782 3410 DCGXGVIII·
894 3374 1130 3436 (sansana.)

156 3504 375 3584 Argurrterrtrmr.
396 3507 527 3571 Excusat
546 3533 592 3583 se,
615 3512 698 3594 quud
718 3513 851 3574 studium
878 3533 951 3595 erga
976 3533 1040 3576 rem
1069 3513 1154 3597 publ.

197 3631 284 3670 suurn
304 3611 439 3677 noudum
461 3613 670 3680 declaraverit:
693 3639 784 3702 seque
805 3617 950 3682 libertatis
971 3640 1152 3703 recuperan-

196 3715 253 3778 dae
272 3718 471 3803 percupidum
493 3723 632 3786 ostendit.
