2624 4830
234 429 307 520 324
589 445 760 493 sersaoni
786 443 873 490 xvu.
1013 437 1045 486 Δ,
1063 443 1097 490 v.
1115 446 1145 492 n
1163 457 1211 507 ῃ.

234 563 400 651 prosunt,
425 570 514 648 quae
532 571 598 645 pro
616 545 776 618 libertate
800 542 950 642 patriae,
975 540 1020 613 de
1046 542 1235 647 dignitate,

234 672 385 778 quaeda
403 685 535 768 morte,
559 669 694 767 exsilio,
720 680 925 768 paupertate
950 668 1092 767 scripsit
1116 673 1235 771 copio-

123 800 127 807 ’
234 797 388 874 sissimei
414 798 558 889 Quanto
584 810 700 869 autem
727 796 834 891 magis
860 793 917 865 illa
942 791 1066 866 callere
1095 794 1235 872 videtur

234 923 434 1025 Philippus,
459 925 518 1023 qui
544 922 705 1021 privigno
724 922 837 992 minus
857 918 1031 1018 tribuerit,
1050 947 1157 1021 quam
1175 925 1234 998 Ci-

235 1076 316 1124 nero
334 1049 447 1122 alieno
466 1046 613 1122 tribuat!
638 1047 785 1120 Desinat
805 1046 910 1142 igitur
927 1045 1110 1143 gloriando
1128 1051 1236 1124 etiam

234 1176 396 1250 insectari
424 1174 563 1247 dolores
595 1187 744 1246 nostros.
777 1170 874 1263 Quid
899 1172 993 1243 enim
1017 1187 1157 1274 nostra,
1181 1175 1236 1249 vi-

236 1315 331 1375 ctum
358 1325 433 1373 esse
459 1300 670 1395 Antonium,
696 1299 725 1370 si
752 1299 864 1369 victus
890 1311 962 1394 est,
986 1311 1026 1369 ut
1051 1297 1111 1370 alii
1135 1325 1237 1374 vaca-

235 1438 305 1524 ret,
331 1425 427 1528 quod
453 1422 510 1496 ille
536 1422 706 1497 obtinuit?
732 1423 869 1494 tametsi
887 1435 968 1494 tuae
984 1422 1105 1496 literae
1129 1423 1237 1500 dubia

157 1599 164 1614 ·
235 1550 339 1631 etiam
367 1575 461 1623 nuno
487 1549 690 1647 significant.
717 1549 826 1621 Vivat
850 1547 990 1621 hercule
1008 1550 1149 1650 Cicero,
1175 1553 1237 1652 qui

235 1689 370 1779 potest,
396 1674 546 1776 supplex
571 1690 606 1747 et
631 1673 823 1772 obnoxius,
841 1674 870 1746 si
887 1700 1000 1776 neque
1017 1678 1156 1776 aetatis,
1173 1703 1235 1751 ne-

236 1789 304 1906 que
329 1802 520 1901 honorum,
544 1827 659 1902 neque
676 1827 791 1875 rerum
810 1814 984 1899 gestarum
1009 1801 1129 1902 pudet.
1155 1805 1234 1902 Ego

236 1944 347 2029 certe,
372 1930 455 2031 quin
483 1955 563 2001 cum
587 1930 662 2028 ipsa
689 1926 882 2001 rebellum
909 1953 1041 2027 geram,
1068 1928 1138 2002 hoc
1165 1943 1241 2031 est,

236 2080 315 2128 curn
342 2080 467 2156 reguo,
493 2067 529 2127 et
553 2054 706 2154 imperiis
733 2052 1032 2151 extraordinariis,
1057 2067 1094 2127 et
1121 2046 1235 2128 domt-

235 2181 394 2279 natione,
419 2195 455 2253 et
480 2182 658 2282 potentia,
684 2206 772 2282 quae
798 2205 904 2279 supra
920 2178 1014 2278 leges
1032 2205 1069 2252 se
1086 2206 1161 2253 esse
1179 2164 1253 2255 ve(

235 2304 294 2378 iit:
321 2305 415 2380 nulla
440 2308 506 2380 erit
532 2322 603 2380 tarn
629 2305 722 2378 bona
758 2305 914 2379 conditio
946 2305 1141 2406 serviendi,
1167 2333 1235 2409 qua

236 2428 426 2529 deterrear,
453 2433 612 2532 quamvis
639 2435 684 2504 sit
710 2433 762 2505 vir
787 2431 917 2531 bonus,
942 2444 983 2503 ut
1008 2432 1148 2531 scribis,
1165 2435 1235 2505 Au-

237 2556 368 2630 tonius:
401 2557 496 2657 quod
522 2584 586 2654 ego
618 2584 809 2657 numquam
842 2558 1046 2632 existimavi.
1072 2557 1144 2630 Sed
1170 2558 1235 2632 do·

237 2682 385 2780 urinum,
411 2709 454 2755 uo
481 2696 662 2782 parentem
689 2685 845 2783 quidem,
871 2685 1019 2757 maiores
1045 2686 1158 2757 nostri
1175 2711 1236 2759 vo-

234 2808 373 2881 luerunt
398 2836 480 2880 esse.
514 2810 565 2882 Te
600 2810 663 2881 uisi
697 2824 834 2882 tantum
865 2838 1036 2907 amarem,
1062 2825 1234 2913 quantum

233 2934 395 3006 Ciceroni
413 2962 614 3034 persuasum
635 2951 687 3009 est
705 2936 800 3035 diligi
817 2964 854 3009 se
881 2937 925 3009 ab
952 2938 1120 3035 Octavio,
1145 2938 1232 3012 haec
1305 3003 1308 3010 ,

233 3059 279 3136 ud
306 3075 338 3132 te
365 3087 436 3133 uon
461 3063 684 3162 scripsissem.
711 3062 816 3136 Dolet
833 3063 918 3135 mihi
927 3118 937 3161 ,
963 3062 1059 3165 quod
1080 3077 1117 3135 tu
1137 3090 1231 3137 nunc

232 3187 459 3260 stomacharis
468 3245 477 3286 ,
504 3191 759 3263 ornantissimus
786 3204 860 3261 tum
886 3203 1027 3262 tuorum
1054 3192 1230 3288 omnium,

233 3327 305 3387 tum
332 3315 519 3389 Ciceronis.
553 3317 624 3389 Sed
656 3317 829 3418 persuade
863 3316 944 3414 tibi,
979 3316 1022 3388 de
1049 3317 1231 3390 voluntate

231 3442 371 3539 propria
399 3469 473 3513 mea
501 3442 587 3514 uihil
614 3469 688 3515 esse
715 3445 917 3541 remissum,
944 3442 986 3515 de
1012 3443 1143 3517 iudicio
1165 3442 1233 3515 lar-

231 3567 326 3664 gitor.
359 3567 480 3670 Neque
507 3570 598 3640 onim
624 3571 803 3668 impetrari
830 3584 964 3670 potest,
995 3573 1095 3671 quin,
1128 3569 1231 3672 quale

230 3691 383 3792 quidque
418 3693 576 3766 rideatur
609 3696 659 3792 ei,
693 3694 796 3767 talem
824 3697 969 3797 quisque
996 3695 1040 3766 de
1066 3695 1126 3768 illo
1152 3697 1230 3795 opi·

230 3818 370 3890 uionom
389 3817 526 3892 lrabeat.
552 3820 689 3893 Vellem
708 3822 790 3893 mihi
809 3824 1024 3922 scripsisses,
1040 3848 1130 3923 quae
1148 3848 1230 3894 cou-

231 3942 381 4017 ditiouus
407 3947 680 4022 essentutuicae
708 3963 856 4022 nostrae.
884 3952 1080 4023 Potuissem
1099 3947 1230 4051 aliquid
