2624 4830
234 409 282 504 4⁰
538 426 706 476 ιιιιτοιι
736 426 888 475 nccxcrx.
1006 418 1134 473 nnc.
1155 437 1200 486 7¹⁰

235 535 316 607 tetis
346 542 552 604 consecutos
582 530 628 601 sis
655 541 713 615 (es
739 541 855 600 autem
880 523 1030 626 adeptus
1055 524 1227 626 amplissi-

159 657 174 683 ’
235 670 352 756 mos),
377 682 437 732 eoo
463 655 636 729 honorum
661 652 833 728 vocabula
858 650 1059 751 habituros,
1081 677 1155 726 non
1181 651 1230 726 di-

146 868 150 877 ,
237 784 377 885 gnitatie
393 780 559 880 insignia,
584 780 650 853 nisi
675 794 710 852 te
736 805 816 852 cum
840 776 1000 854 libertate
1024 777 1150 879 popuii
1166 780 1231 853 Ro

236 910 353 1007 moni,
389 919 425 981 et
461 932 543 978 oum
579 916 719 978 senatus
758 903 965 1011 auctoritate
1003 904 1232 978 coniunxeris.

238 1033 386 1130 Seiunge
411 1045 461 1129 te,
487 1032 632 1131 qu'aes0‚
660 1028 847 1130 aliquando
873 1026 918 1100 ab
942 1029 984 1100 iis
1003 1031 1032 1126 ⁶,
1056 1054 1135 1101 cum
1162 1032 1232 1130 qui-

237 1158 304 1232 bus
321 1171 356 1230 te
373 1182 445 1229 non
471 1169 571 1228 tuum
595 1155 782 1252 iudicium,
806 1154 868 1226 sed
893 1167 1093 1254 temporum
1119 1154 1232 1228 vincla

240 1265 504 1357 coniunxerunt
529 1278 737 1381 Complures
763 1279 799 1352 in
826 1277 1089 1379 perturbatione
1105 1280 1156 1353 rei
1174 1307 1234 1381 pu·

237 1407 350 1481 blioae
390 1406 549 1481 consules
584 1406 691 1480 dicti:
725 1431 874 1508 quorum
906 1431 1011 1480 nemo
1046 1405 1236 1480 consularis

239 1531 399 1631 habitus,
431 1533 497 1604 nisi
524 1534 583 1633 qui
610 1536 727 1605 animo
754 1533 917 1604 exstitirr
945 1533 998 1604 in·
1014 1558 1087 1605 rem
1122 1531 1235 1631 pubii-

245 1684 322 1731 cam
349 1657 530 1730 consulari.
555 1655 677 1730 Talem
703 1657 808 1754 igitur
833 1664 969 1730 te'esse
994 1673 1155 1758 oportet,
1178 1659 1234 1759 qui

241 1784 392 1883 primum
425 1797 460 1855 te
495 1781 538 1855 ob
573 1783 763 1883 impiorum
801 1785 953 1882 civium,
988 1784 1037 1856 tui
1075 1781 1238 1855 dissimil-

240 1907 421 2007 limorum,
451 1888 619 1983 societate
645 1910 804 2007 seiungas
821 1911 853 1981 ⁸:
880 1908 1006 1983 deinde
1040 1923 1076 1983 et
1105 1911 1238 1983 senatui

240 2032 412 2137 bonisque
444 2035 608 2111 omnibus
639 2050 836 2134 auctorem,
866 2037 1082 2136 principem,
1116 2036 1241 2109 ducem

242 2159 425 2258 praebeas:
460 2175 658 2260 postremo,
689 2174 730 2234 ut
761 2187 886 2261 pacem
911 2187 987 2235 esse
1011 2161 1145 2235 iudices
1171 2184 1241 2233 non

201 2290 203 2294 ‘
241 2283 279 2355 in
305 2285 410 2356 armis
436 2286 580 2384 positis,
604 2286 667 2358 sed
691 2288 729 2359 in
749 2286 885 2359 obiecto
911 2311 1088 2370 armorum
1113 2300 1151 2360 et
1173 2264 1242 2361 ier·

212 2447 218 2456 ·
242 2407 363 2481 vitutie
379 2423 486 2482 metu.
511 2411 609 2483 Haec
627 2411 666 2499 ,ἀ
689 2424 725 2483 et
748 2437 827 2509 ages
852 2425 889 2485 et
912 2414 1063 2510 senties,'
1083 2426 1159 2485 tum
1177 2413 1242 2486 eris

243 2556 317 2606 non
342 2533 451 2608 modo
469 2534 591 2608 conoul
608 2549 646 2609 et
662 2535 868 2637 consuleris,
893 2537 954 2611 sed
972 2563 1120 2637 magnus
1138 2539 1240 2611 etiem

244 2659 399 2733 consule
425 2674 461 2734 et
492 2650 694 2738 consolaris.
727 2664 788 2737 Sin
822 2665 934 2740 aliter:
968 2680 1029 2739 tua
1048 2681 1077 2716 ¹⁰
1107 2667 1242 2740 inistis

245 2784 466 2885 amplissimis
499 2788 699 2863 nominibus
735 2790 911 2865 honorum
945 2816 1017 2865 non
1049 2790 1160 2866 modo
1192 2791 1243 2866 di-

217 2907 222 2916 ’
245 2912 356 3007 gnites
373 2911 468 2987 nulla
486 2916 569 3014 erit,
585 2916 647 2989 sed
665 2917 731 2989 erit
747 2942 883 2990 summa
900 2915 1111 2992 deformitas.
1128 2918 1243 3007 Haec,

244 3035 414 3137 impulsus
431 3037 679 3140 benivolentia,
696 3041 818 3142 scripsi
831 3040 956 3141 paullo
969 3044 1139 3117 severius:
1159 3069 1245 3145 quoe

244 3174 282 3233 tu
307 3163 345 3234 in
371 3165 584 3264 experiendo
600 3182 627 3218 ¹¹
646 3193 686 3240 ea
704 3168 853 3265 ratione,
878 3194 967 3270 quae
988 3182 1028 3241 te
1054 3168 1160 3268 digna
1177 3182 1244 3266 est,

247 3312 328 3361 vera
354 3314 429 3363 esee
455 3317 658 3390 cognosces.
684 3295 726 3367 D.
752 3293 843 3366 XIII
862 3307 891 3344 ¹²
917 3293 994 3366 Kal.
1019 3294 1168 3394 Apriles.

688 3674 820 3748 DCCC.
989 3715 1041 3773 (nr
1058 3715 1110 3760 or«.
1127 3715 1160 3775 x,
1177 3717 1220 3776 η)

248 3840 466 3917 Argumentum.
487 3846 635 3929 Lepidum
651 3850 857 3933 reprehendit,
878 3841 961 3933 quoii
974 3853 1101 3912 summis
1119 3850 1243 3912 honori·

287 3941 345 4005 bus
365 3961 488 4012 ornatus
509 3952 548 4012 ob
569 3966 672 4016 senatu
692 3960 801 4039 gratias
821 3977 881 4018 non
902 3960 1010 4040 egerit:
1031 3969 1062 4019 et
1082 3980 1121 4019 ne
1137 3975 1240 4042 paoem

287 4071 356 4113 cum
378 4061 506 4122 Antonio
527 4062 685 4126 conciliare
705 4067 833 4139 nitatur,
855 4064 1004 4128 admonet.
