<?xml version="1.0" encoding="UTF-8"?>
<!DOCTYPE html PUBLIC "-//W3C//DTD XHTML 1.0 Transitional//EN"
    "http://www.w3.org/TR/xhtml1/DTD/xhtml1-transitional.dtd">
<html xmlns="http://www.w3.org/1999/xhtml" xml:lang="en" lang="en">
 <head>
  <title>
</title>
<meta http-equiv="Content-Type" content="text/html;charset=utf-8" />
  <meta name='ocr-system' content='tesseract 3.04.00' />
  <meta name='ocr-capabilities' content='ocr_page ocr_carea ocr_par ocr_line ocrx_word'/>
</head>
<body>
  <div class='ocr_page' id='page_1' title='image "./mtulliiciceroni17cicegoog_0688.png"; bbox 0 0 2602 4830; ppageno 0'>
   <div class='ocr_carea' id='block_1_1' title="bbox 70 381 899 471">
    <p class='ocr_par' dir='ltr' id='par_1_1' title="bbox 70 381 899 471">
     <span class='ocr_line' id='line_1_1' title="bbox 70 381 899 471; baseline 0.004 -26"><span class='ocrx_word' id='word_1_1' title='bbox 70 408 72 411; x_wconf 90' lang='lat'>·</span> <span class='ocrx_word' id='word_1_2' title='bbox 168 381 241 471; x_wconf 71' lang='grc'>684</span> <span class='ocrx_word' id='word_1_3' title='bbox 433 401 540 446; x_wconf 79' lang='lat' dir='ltr'>isosx</span> <span class='ocrx_word' id='word_1_4' title='bbox 566 399 619 445; x_wconf 80' lang='grc' dir='ltr'>ιιι.</span> <span class='ocrx_word' id='word_1_5' title='bbox 647 399 899 451; x_wconf 68' lang='lat' dir='ltr'>uersi-omousi</span> 
     </span>
    </p>
   </div>
   <div class='ocr_carea' id='block_1_2' title="bbox 575 584 753 648">
    <p class='ocr_par' dir='ltr' id='par_1_2' title="bbox 575 584 753 648">
     <span class='ocr_line' id='line_1_2' title="bbox 575 584 753 648; baseline 0.011 -6"><span class='ocrx_word' id='word_1_6' title='bbox 575 584 656 644; x_wconf 75' lang='lat' dir='ltr'>Lusi</span> <span class='ocrx_word' id='word_1_7' title='bbox 676 589 753 648; x_wconf 83' lang='lat' dir='ltr'>VIII.</span> 
     </span>
    </p>
   </div>
   <div class='ocr_carea' id='block_1_3' title="bbox 113 761 1139 3478">
    <p class='ocr_par' dir='ltr' id='par_1_3' title="bbox 118 761 1139 1721">
     <span class='ocr_line' id='line_1_3' title="bbox 210 761 1137 837; baseline 0.002 -15"><span class='ocrx_word' id='word_1_8' title='bbox 210 789 218 822; x_wconf 92' lang='lat'>1</span> <span class='ocrx_word' id='word_1_9' title='bbox 261 768 356 837; x_wconf 88' lang='lat' dir='ltr'>Quum</span> <span class='ocrx_word' id='word_1_10' title='bbox 376 764 411 820; x_wconf 85' lang='lat' dir='ltr'>ad</span> <span class='ocrx_word' id='word_1_11' title='bbox 429 776 456 819; x_wconf 85' lang='lat' dir='ltr'>te</span> <span class='ocrx_word' id='word_1_12' title='bbox 474 762 566 818; x_wconf 79' lang='lat' dir='ltr'><strong>literas</strong></span> <span class='ocrx_word' id='word_1_13' title='bbox 585 761 648 818; x_wconf 90' lang='lat' dir='ltr'>ded.</span> <span class='ocrx_word' id='word_1_14' title='bbox 980 767 1137 826; x_wconf 77' lang='lat' dir='ltr'>cccxxlv</span> 
     </span>
     <span class='ocr_line' id='line_1_4' title="bbox 205 853 1138 928; baseline 0.001 -16"><span class='ocrx_word' id='word_1_15' title='bbox 205 876 221 912; x_wconf 78' lang='lat' dir='ltr'>u</span> <span class='ocrx_word' id='word_1_16' title='bbox 260 855 329 910; x_wconf 83' lang='lat' dir='ltr'>Mihi</span> <span class='ocrx_word' id='word_1_17' title='bbox 349 874 416 910; x_wconf 81' lang='lat' dir='ltr'>vero</span> <span class='ocrx_word' id='word_1_18' title='bbox 435 853 528 908; x_wconf 84' lang='lat' dir='ltr'>omnia</span> <span class='ocrx_word' id='word_1_19' title='bbox 546 864 621 928; x_wconf 81' lang='lat' dir='ltr'>grata</span> <span class='ocrx_word' id='word_1_20' title='bbox 996 855 1138 915; x_wconf 81' lang='lat' dir='ltr'>CCCXXV</span> 
     </span>
     <span class='ocr_line' id='line_1_5' title="bbox 204 941 1139 1001; baseline 0 -1"><span class='ocrx_word' id='word_1_21' title='bbox 204 943 222 1000; x_wconf 83' lang='lat'>5</span> <span class='ocrx_word' id='word_1_22' title='bbox 259 944 385 999; x_wconf 84' lang='lat' dir='ltr'>Maximis</span> <span class='ocrx_word' id='word_1_23' title='bbox 406 955 432 998; x_wconf 87' lang='lat' dir='ltr'>et</span> <span class='ocrx_word' id='word_1_24' title='bbox 451 941 611 997; x_wconf 79' lang='lat' dir='ltr'>miserrimis</span> <span class='ocrx_word' id='word_1_25' title='bbox 980 942 1139 1001; x_wconf 71' lang='lat' dir='ltr'>cccxxvi</span> 
     </span>
     <span class='ocr_line' id='line_1_6' title="bbox 118 1028 1139 1108; baseline 0.002 -22"><span class='ocrx_word' id='word_1_26' title='bbox 118 1036 120 1041; x_wconf 83' lang='grc'><strong>“</strong></span> <span class='ocrx_word' id='word_1_27' title='bbox 205 1035 223 1103; x_wconf 67' lang='grc'><strong>4</strong></span> <span class='ocrx_word' id='word_1_28' title='bbox 259 1031 409 1108; x_wconf 85' lang='lat' dir='ltr'>Dionysius</span> <span class='ocrx_word' id='word_1_29' title='bbox 428 1028 542 1105; x_wconf 92' lang='lat' dir='ltr'>quidem</span> <span class='ocrx_word' id='word_1_30' title='bbox 561 1042 624 1085; x_wconf 88' lang='lat' dir='ltr'>tuus</span> <span class='ocrx_word' id='word_1_31' title='bbox 967 1032 1139 1088; x_wconf 75' lang='lat' dir='ltr'>cccxxvll</span> 
     </span>
     <span class='ocr_line' id='line_1_7' title="bbox 202 1116 1138 1190; baseline -0.001 -15"><span class='ocrx_word' id='word_1_32' title='bbox 202 1118 220 1175; x_wconf 88' lang='lat'>5</span> <span class='ocrx_word' id='word_1_33' title='bbox 259 1120 355 1190; x_wconf 87' lang='lat' dir='ltr'>Quum</span> <span class='ocrx_word' id='word_1_34' title='bbox 374 1129 436 1173; x_wconf 81' lang='lat' dir='ltr'>ante</span> <span class='ocrx_word' id='word_1_35' title='bbox 455 1117 546 1173; x_wconf 87' lang='lat' dir='ltr'>lucem</span> <span class='ocrx_word' id='word_1_36' title='bbox 563 1116 633 1174; x_wconf 85' lang='lat' dir='ltr'>VIII</span> <span class='ocrx_word' id='word_1_37' title='bbox 652 1117 710 1174; x_wconf 82' lang='lat' dir='ltr'>Kal.</span> <span class='ocrx_word' id='word_1_38' title='bbox 729 1116 825 1174; x_wconf 80' lang='lat' dir='ltr'>literas</span> <span class='ocrx_word' id='word_1_39' title='bbox 948 1120 1138 1177; x_wconf 72' lang='lat' dir='ltr'>CCCXXVIII</span> 
     </span>
     <span class='ocr_line' id='line_1_8' title="bbox 203 1204 1137 1282; baseline -0.001 -19"><span class='ocrx_word' id='word_1_40' title='bbox 203 1208 222 1262; x_wconf 88' lang='grc'>6</span> <span class='ocrx_word' id='word_1_41' title='bbox 259 1205 413 1282; x_wconf 81' lang='lat' dir='ltr'>Obsignata</span> <span class='ocrx_word' id='word_1_42' title='bbox 431 1205 487 1260; x_wconf 87' lang='lat' dir='ltr'>iam</span> <span class='ocrx_word' id='word_1_43' title='bbox 506 1204 620 1282; x_wconf 74' lang='lat' dir='ltr'>epistola</span> <span class='ocrx_word' id='word_1_44' title='bbox 940 1264 943 1269; x_wconf 83' lang='grc'><strong>,</strong></span> <span class='ocrx_word' id='word_1_45' title='bbox 978 1207 1137 1264; x_wconf 73' lang='lat' dir='ltr'>cccxxlx</span> 
     </span>
     <span class='ocr_line' id='line_1_9' title="bbox 203 1294 1138 1372; baseline -0.001 -21"><span class='ocrx_word' id='word_1_46' title='bbox 203 1317 220 1372; x_wconf 87' lang='lat'><strong><em>7</em></strong></span> <span class='ocrx_word' id='word_1_47' title='bbox 258 1295 352 1352; x_wconf 91' lang='lat' dir='ltr'>Vnum</span> <span class='ocrx_word' id='word_1_48' title='bbox 371 1294 454 1350; x_wconf 81' lang='lat' dir='ltr'>etiam</span> <span class='ocrx_word' id='word_1_49' title='bbox 472 1306 555 1350; x_wconf 83' lang='lat' dir='ltr'>restat</span> <span class='ocrx_word' id='word_1_50' title='bbox 994 1294 1138 1353; x_wconf 73' lang='lat' dir='ltr'>CCCXXX</span> 
     </span>
     <span class='ocr_line' id='line_1_10' title="bbox 203 1382 1138 1459; baseline 0.002 -24"><span class='ocrx_word' id='word_1_51' title='bbox 203 1384 220 1435; x_wconf 87' lang='lat'>8</span> <span class='ocrx_word' id='word_1_52' title='bbox 260 1382 365 1439; x_wconf 87' lang='lat' dir='ltr'>Orem</span> <span class='ocrx_word' id='word_1_53' title='bbox 384 1394 508 1459; x_wconf 82' lang='lat' dir='ltr'>turpem,</span> <span class='ocrx_word' id='word_1_54' title='bbox 527 1394 554 1438; x_wconf 85' lang='lat' dir='ltr'>et</span> <span class='ocrx_word' id='word_1_55' title='bbox 572 1401 605 1437; x_wconf 85' lang='lat' dir='ltr'>ea</span> <span class='ocrx_word' id='word_1_56' title='bbox 623 1402 653 1439; x_wconf 87' lang='lat' dir='ltr'>re</span> <span class='ocrx_word' id='word_1_57' title='bbox 979 1384 1138 1440; x_wconf 77' lang='lat' dir='ltr'>cccxxxr</span> 
     </span>
     <span class='ocr_line' id='line_1_11' title="bbox 201 1469 1138 1545; baseline 0.001 -21"><span class='ocrx_word' id='word_1_58' title='bbox 201 1490 220 1543; x_wconf 69' lang='grc' dir='ltr'>ς)</span> <span class='ocrx_word' id='word_1_59' title='bbox 257 1470 409 1545; x_wconf 80' lang='lat' dir='ltr'>Epistulam</span> <span class='ocrx_word' id='word_1_60' title='bbox 429 1490 517 1525; x_wconf 85' lang='lat' dir='ltr'>meam</span> <span class='ocrx_word' id='word_1_61' title='bbox 537 1469 614 1545; x_wconf 90' lang='lat' dir='ltr'>quod</span> <span class='ocrx_word' id='word_1_62' title='bbox 962 1472 1138 1529; x_wconf 72' lang='lat' dir='ltr'>cccxxxu</span> 
     </span>
     <span class='ocr_line' id='line_1_12' title="bbox 186 1558 1137 1634; baseline 0.001 -21"><span class='ocrx_word' id='word_1_63' title='bbox 186 1579 218 1613; x_wconf 85' lang='lat' dir='ltr'>ro</span> <span class='ocrx_word' id='word_1_64' title='bbox 255 1558 405 1634; x_wconf 83' lang='lat' dir='ltr'>Dionysius</span> <span class='ocrx_word' id='word_1_65' title='bbox 425 1578 512 1633; x_wconf 88' lang='lat' dir='ltr'>quum</span> <span class='ocrx_word' id='word_1_66' title='bbox 531 1558 567 1613; x_wconf 83' lang='lat' dir='ltr'>ad</span> <span class='ocrx_word' id='word_1_67' title='bbox 586 1578 631 1614; x_wconf 84' lang='lat' dir='ltr'>me</span> <span class='ocrx_word' id='word_1_68' title='bbox 946 1559 1137 1617; x_wconf 77' lang='lat' dir='ltr'>cccxxxlu</span> 
     </span>
     <span class='ocr_line' id='line_1_13' title="bbox 186 1646 1137 1721; baseline 0.003 -19"><span class='ocrx_word' id='word_1_69' title='bbox 186 1666 213 1702; x_wconf 79' lang='grc' dir='ltr'>ιι</span> <span class='ocrx_word' id='word_1_70' title='bbox 256 1646 341 1717; x_wconf 89' lang='lat' dir='ltr'>Quod</span> <span class='ocrx_word' id='word_1_71' title='bbox 360 1666 405 1701; x_wconf 90' lang='lat' dir='ltr'>me</span> <span class='ocrx_word' id='word_1_72' title='bbox 423 1665 522 1721; x_wconf 87' lang='lat' dir='ltr'>magno</span> <span class='ocrx_word' id='word_1_73' title='bbox 542 1646 628 1701; x_wconf 79' lang='lat' dir='ltr'>animi</span> <span class='ocrx_word' id='word_1_74' title='bbox 951 1646 1137 1705; x_wconf 76' lang='lat' dir='ltr'>cccxmv</span> 
     </span>
    </p>

    <p class='ocr_par' dir='ltr' id='par_1_4' title="bbox 256 1733 1136 1968">
     <span class='ocr_line' id='line_1_14' title="bbox 256 1733 866 1805; baseline 0.002 -14"><span class='ocrx_word' id='word_1_75' title='bbox 256 1736 312 1791; x_wconf 90' lang='lat' dir='ltr'>CN.</span> <span class='ocrx_word' id='word_1_76' title='bbox 331 1733 487 1791; x_wconf 83' lang='lat' dir='ltr'>MAGNVS</span> <span class='ocrx_word' id='word_1_77' title='bbox 501 1733 685 1792; x_wconf 87' lang='lat' dir='ltr'>CICERONI</span> <span class='ocrx_word' id='word_1_78' title='bbox 694 1761 731 1780; x_wconf 78' lang='lat'>·-</span> <span class='ocrx_word' id='word_1_79' title='bbox 743 1734 866 1805; x_wconf 77' lang='lat' dir='ltr'>Quintus</span> 
     </span>
     <span class='ocr_line' id='line_1_15' title="bbox 310 1821 1136 1879; baseline 0.001 -1"><span class='ocrx_word' id='word_1_80' title='bbox 310 1823 414 1878; x_wconf 81' lang='lat' dir='ltr'>Fabius</span> <span class='ocrx_word' id='word_1_81' title='bbox 433 1821 469 1876; x_wconf 87' lang='lat' dir='ltr'>ad</span> <span class='ocrx_word' id='word_1_82' title='bbox 487 1841 532 1877; x_wconf 89' lang='lat' dir='ltr'>me</span> <span class='ocrx_word' id='word_1_83' title='bbox 551 1822 628 1878; x_wconf 81' lang='lat' dir='ltr'>veuit</span> <span class='ocrx_word' id='word_1_84' title='bbox 1115 1825 1136 1879; x_wconf 81' lang='lat' dir='ltr'>A</span> 
     </span>
     <span class='ocr_line' id='line_1_16' title="bbox 257 1908 1134 1968; baseline 0.002 -2"><span class='ocrx_word' id='word_1_85' title='bbox 257 1910 313 1966; x_wconf 91' lang='lat' dir='ltr'>CN.</span> <span class='ocrx_word' id='word_1_86' title='bbox 332 1909 467 1966; x_wconf 80' lang='lat' dir='ltr'><strong>MAGNO</strong></span> <span class='ocrx_word' id='word_1_87' title='bbox 487 1943 524 1953; x_wconf 89' lang='lat'>-</span> <span class='ocrx_word' id='word_1_88' title='bbox 543 1911 575 1964; x_wconf 90' lang='lat' dir='ltr'>A.</span> <span class='ocrx_word' id='word_1_89' title='bbox 596 1909 622 1965; x_wconf 91' lang='lat' dir='ltr'>d.</span> <span class='ocrx_word' id='word_1_90' title='bbox 641 1908 694 1966; x_wconf 89' lang='lat' dir='ltr'>XV</span> <span class='ocrx_word' id='word_1_91' title='bbox 712 1909 830 1967; x_wconf 79' lang='lat' dir='ltr'><strong>Kalend.</strong></span> <span class='ocrx_word' id='word_1_92' title='bbox 850 1912 967 1968; x_wconf 80' lang='lat' dir='ltr'>Martias</span> <span class='ocrx_word' id='word_1_93' title='bbox 1115 1913 1134 1968; x_wconf 80' lang='lat' dir='ltr'><strong>B</strong></span> 
     </span>
    </p>

    <p class='ocr_par' dir='ltr' id='par_1_5' title="bbox 184 1996 1132 2337">
     <span class='ocr_line' id='line_1_17' title="bbox 256 1996 864 2056; baseline -0.003 -1"><span class='ocrx_word' id='word_1_94' title='bbox 256 1999 312 2055; x_wconf 90' lang='lat' dir='ltr'>CN.</span> <span class='ocrx_word' id='word_1_95' title='bbox 331 1996 486 2054; x_wconf 78' lang='lat' dir='ltr'>MAGNVS</span> <span class='ocrx_word' id='word_1_96' title='bbox 506 1996 689 2054; x_wconf 86' lang='lat' dir='ltr'>CICERONI</span> <span class='ocrx_word' id='word_1_97' title='bbox 717 2025 755 2044; x_wconf 56' lang='grc' dir='ltr'>-κ</span> <span class='ocrx_word' id='word_1_98' title='bbox 781 1998 810 2052; x_wconf 88' lang='lat' dir='ltr'>S.</span> <span class='ocrx_word' id='word_1_99' title='bbox 830 1997 864 2056; x_wconf 93' lang='lat' dir='ltr'>V.</span> 
     </span>
     <span class='ocr_line' id='line_1_18' title="bbox 231 2084 1131 2148; baseline -0.004 -3"><span class='ocrx_word' id='word_1_100' title='bbox 231 2139 234 2145; x_wconf 96' lang='lat'>.</span> <span class='ocrx_word' id='word_1_101' title='bbox 310 2087 342 2142; x_wconf 88' lang='lat' dir='ltr'>B.</span> <span class='ocrx_word' id='word_1_102' title='bbox 361 2088 393 2141; x_wconf 90' lang='lat' dir='ltr'>E.</span> <span class='ocrx_word' id='word_1_103' title='bbox 412 2087 488 2140; x_wconf 82' lang='lat' dir='ltr'>Tuas</span> <span class='ocrx_word' id='word_1_104' title='bbox 506 2084 607 2148; x_wconf 77' lang='lat' dir='ltr'>literas¹</span> <span class='ocrx_word' id='word_1_105' title='bbox 1113 2087 1131 2141; x_wconf 89' lang='lat' dir='ltr'>C</span> 
     </span>
     <span class='ocr_line' id='line_1_19' title="bbox 257 2172 1132 2244; baseline -0.002 -14"><span class='ocrx_word' id='word_1_106' title='bbox 257 2173 313 2230; x_wconf 94' lang='lat' dir='ltr'>CN.</span> <span class='ocrx_word' id='word_1_107' title='bbox 332 2172 469 2229; x_wconf 84' lang='lat' dir='ltr'>MAGNO</span> <span class='ocrx_word' id='word_1_108' title='bbox 488 2201 525 2219; x_wconf 76' lang='lat'>-·</span> <span class='ocrx_word' id='word_1_109' title='bbox 544 2174 640 2244; x_wconf 86' lang='lat' dir='ltr'>Quum</span> <span class='ocrx_word' id='word_1_110' title='bbox 658 2172 694 2229; x_wconf 85' lang='lat' dir='ltr'>ad</span> <span class='ocrx_word' id='word_1_111' title='bbox 712 2185 738 2230; x_wconf 89' lang='lat' dir='ltr'>te</span> <span class='ocrx_word' id='word_1_112' title='bbox 757 2173 853 2231; x_wconf 77' lang='lat' dir='ltr'>literas</span> <span class='ocrx_word' id='word_1_113' title='bbox 872 2175 1014 2231; x_wconf 81' lang='lat' dir='ltr'>misissem</span> <span class='ocrx_word' id='word_1_114' title='bbox 1111 2175 1132 2228; x_wconf 92' lang='lat' dir='ltr'>D</span> 
     </span>
     <span class='ocr_line' id='line_1_20' title="bbox 184 2260 1132 2337; baseline 0 -22"><span class='ocrx_word' id='word_1_115' title='bbox 184 2280 216 2317; x_wconf 73' lang='lat' dir='ltr'>ru</span> <span class='ocrx_word' id='word_1_116' title='bbox 254 2261 324 2317; x_wconf 83' lang='lat' dir='ltr'>Mihi</span> <span class='ocrx_word' id='word_1_117' title='bbox 343 2260 483 2317; x_wconf 78' lang='lat' dir='ltr'>molestior</span> <span class='ocrx_word' id='word_1_118' title='bbox 501 2260 639 2337; x_wconf 87' lang='lat' dir='ltr'>lippitudo</span> <span class='ocrx_word' id='word_1_119' title='bbox 949 2260 1132 2321; x_wconf 73' lang='lat' dir='ltr'>CCCXXXVI</span> 
     </span>
    </p>

    <p class='ocr_par' dir='ltr' id='par_1_6' title="bbox 256 2347 1131 2492">
     <span class='ocr_line' id='line_1_21' title="bbox 256 2347 867 2424; baseline 0.002 -20"><span class='ocrx_word' id='word_1_120' title='bbox 256 2347 312 2404; x_wconf 89' lang='lat' dir='ltr'>CN.</span> <span class='ocrx_word' id='word_1_121' title='bbox 331 2347 487 2407; x_wconf 82' lang='lat' dir='ltr'>MAGNVS</span> <span class='ocrx_word' id='word_1_122' title='bbox 508 2348 611 2405; x_wconf 87' lang='lat' dir='ltr'>COSS.</span> <span class='ocrx_word' id='word_1_123' title='bbox 635 2380 673 2393; x_wconf 90' lang='lat'><em>-</em></span> <span class='ocrx_word' id='word_1_124' title='bbox 690 2348 766 2424; x_wconf 86' lang='lat' dir='ltr'>Ego,</span> <span class='ocrx_word' id='word_1_125' title='bbox 785 2347 867 2424; x_wconf 86' lang='lat' dir='ltr'>quod</span> 
     </span>
     <span class='ocr_line' id='line_1_22' title="bbox 310 2436 1131 2492; baseline -0.012 0"><span class='ocrx_word' id='word_1_126' title='bbox 310 2436 499 2492; x_wconf 83' lang='lat' dir='ltr'>existimabam</span> <span class='ocrx_word' id='word_1_127' title='bbox 1111 2439 1131 2490; x_wconf 73' lang='grc' dir='ltr'><strong>Α</strong></span> 
     </span>
    </p>

    <p class='ocr_par' dir='ltr' id='par_1_7' title="bbox 255 2523 1130 2666">
     <span class='ocr_line' id='line_1_23' title="bbox 255 2523 865 2590; baseline 0 -11"><span class='ocrx_word' id='word_1_128' title='bbox 255 2525 310 2579; x_wconf 89' lang='lat' dir='ltr'>CN.</span> <span class='ocrx_word' id='word_1_129' title='bbox 324 2525 477 2580; x_wconf 83' lang='lat' dir='ltr'>MAGNVS</span> <span class='ocrx_word' id='word_1_130' title='bbox 494 2523 659 2580; x_wconf 85' lang='lat' dir='ltr'>DOMITIO</span> <span class='ocrx_word' id='word_1_131' title='bbox 671 2555 707 2570; x_wconf 87' lang='lat'>·-</span> <span class='ocrx_word' id='word_1_132' title='bbox 718 2524 818 2590; x_wconf 86' lang='lat' dir='ltr'>Miror,</span> <span class='ocrx_word' id='word_1_133' title='bbox 838 2537 865 2580; x_wconf 88' lang='lat' dir='ltr'>te</span> 
     </span>
     <span class='ocr_line' id='line_1_24' title="bbox 309 2611 1130 2666; baseline 0.006 -2"><span class='ocrx_word' id='word_1_134' title='bbox 309 2612 343 2664; x_wconf 83' lang='lat' dir='ltr'>ad</span> <span class='ocrx_word' id='word_1_135' title='bbox 364 2633 407 2666; x_wconf 87' lang='lat' dir='ltr'>me</span> <span class='ocrx_word' id='word_1_136' title='bbox 428 2612 496 2666; x_wconf 85' lang='lat' dir='ltr'>nihil</span> <span class='ocrx_word' id='word_1_137' title='bbox 516 2611 636 2666; x_wconf 85' lang='lat' dir='ltr'>scribere</span> <span class='ocrx_word' id='word_1_138' title='bbox 1114 2611 1130 2664; x_wconf 81' lang='grc' dir='ltr'><strong>Β</strong></span> 
     </span>
    </p>

    <p class='ocr_par' dir='ltr' id='par_1_8' title="bbox 253 2697 1132 2842">
     <span class='ocr_line' id='line_1_25' title="bbox 253 2697 865 2755; baseline 0.007 -5"><span class='ocrx_word' id='word_1_139' title='bbox 253 2698 308 2751; x_wconf 93' lang='lat' dir='ltr'>CN.</span> <span class='ocrx_word' id='word_1_140' title='bbox 329 2700 484 2754; x_wconf 80' lang='lat' dir='ltr'>MAGNVS</span> <span class='ocrx_word' id='word_1_141' title='bbox 505 2698 671 2755; x_wconf 89' lang='lat' dir='ltr'>DOMITIO</span> <span class='ocrx_word' id='word_1_142' title='bbox 696 2729 731 2743; x_wconf 88' lang='lat'>·-·</span> <span class='ocrx_word' id='word_1_143' title='bbox 756 2697 865 2754; x_wconf 81' lang='lat' dir='ltr'>Litoras</span> 
     </span>
     <span class='ocr_line' id='line_1_26' title="bbox 307 2784 1132 2842; baseline 0.016 -5"><span class='ocrx_word' id='word_1_144' title='bbox 307 2784 356 2838; x_wconf 82' lang='lat' dir='ltr'>abs</span> <span class='ocrx_word' id='word_1_145' title='bbox 376 2798 403 2839; x_wconf 87' lang='lat' dir='ltr'>te</span> <span class='ocrx_word' id='word_1_146' title='bbox 423 2788 459 2838; x_wconf 91' lang='lat' dir='ltr'>M.</span> <span class='ocrx_word' id='word_1_147' title='bbox 481 2787 611 2842; x_wconf 83' lang='lat' dir='ltr'>Calenius</span> <span class='ocrx_word' id='word_1_148' title='bbox 1114 2786 1132 2839; x_wconf 75' lang='lat' dir='ltr'>C</span> 
     </span>
    </p>

    <p class='ocr_par' dir='ltr' id='par_1_9' title="bbox 113 2870 1136 3478">
     <span class='ocr_line' id='line_1_27' title="bbox 252 2870 862 2932; baseline 0.01 -8"><span class='ocrx_word' id='word_1_149' title='bbox 252 2870 307 2925; x_wconf 91' lang='lat' dir='ltr'>CN.</span> <span class='ocrx_word' id='word_1_150' title='bbox 328 2873 484 2930; x_wconf 79' lang='lat' dir='ltr'>MAGNVS</span> <span class='ocrx_word' id='word_1_151' title='bbox 505 2875 671 2932; x_wconf 89' lang='lat' dir='ltr'>DOMITIO</span> <span class='ocrx_word' id='word_1_152' title='bbox 695 2907 731 2919; x_wconf 84' lang='lat'><em>-</em></span> <span class='ocrx_word' id='word_1_153' title='bbox 750 2874 862 2930; x_wconf 86' lang='lat' dir='ltr'>Literae</span> 
     </span>
     <span class='ocr_line' id='line_1_28' title="bbox 306 2960 1133 3018; baseline 0.002 -6"><span class='ocrx_word' id='word_1_154' title='bbox 306 2960 374 3015; x_wconf 82' lang='lat' dir='ltr'>milii</span> <span class='ocrx_word' id='word_1_155' title='bbox 395 2983 409 3016; x_wconf 80' lang='lat' dir='ltr'>a</span> <span class='ocrx_word' id='word_1_156' title='bbox 429 2975 455 3016; x_wconf 86' lang='lat' dir='ltr'>te</span> <span class='ocrx_word' id='word_1_157' title='bbox 475 2963 599 3018; x_wconf 80' lang='lat' dir='ltr'>redditae</span> <span class='ocrx_word' id='word_1_158' title='bbox 1115 2963 1133 3014; x_wconf 92' lang='lat' dir='ltr'>D</span> 
     </span>
     <span class='ocr_line' id='line_1_29' title="bbox 181 3045 1132 3126; baseline 0.002 -26"><span class='ocrx_word' id='word_1_159' title='bbox 181 3045 212 3100; x_wconf 79' lang='lat'>13</span> <span class='ocrx_word' id='word_1_160' title='bbox 249 3046 441 3122; x_wconf 86' lang='lat' dir='ltr'>Lippitudinis</span> <span class='ocrx_word' id='word_1_161' title='bbox 461 3071 539 3108; x_wconf 81' lang='lat' dir='ltr'>meae</span> <span class='ocrx_word' id='word_1_162' title='bbox 559 3052 626 3126; x_wconf 80' lang='lat' dir='ltr'>sign.</span> <span class='ocrx_word' id='word_1_163' title='bbox 931 3050 1132 3108; x_wconf 64' lang='lat' dir='ltr'>CCCXXXVII</span> 
     </span>
     <span class='ocr_line' id='line_1_30' title="bbox 181 3136 1135 3214; baseline 0.001 -26"><span class='ocrx_word' id='word_1_164' title='bbox 181 3139 211 3205; x_wconf 71' lang='lat'>14</span> <span class='ocrx_word' id='word_1_165' title='bbox 250 3136 311 3191; x_wconf 89' lang='lat' dir='ltr'>Non</span> <span class='ocrx_word' id='word_1_166' title='bbox 332 3137 441 3204; x_wconf 86' lang='lat' dir='ltr'>dubito,</span> <span class='ocrx_word' id='word_1_167' title='bbox 463 3140 530 3214; x_wconf 85' lang='lat' dir='ltr'>quin</span> <span class='ocrx_word' id='word_1_168' title='bbox 550 3139 600 3193; x_wconf 90' lang='lat' dir='ltr'>tibi</span> <span class='ocrx_word' id='word_1_169' title='bbox 919 3137 1135 3196; x_wconf 69' lang='lat' dir='ltr'>CCCXXXVIH</span> 
     </span>
     <span class='ocr_line' id='line_1_31' title="bbox 113 3222 1134 3284; baseline 0.001 -8"><span class='ocrx_word' id='word_1_170' title='bbox 113 3230 120 3250; x_wconf 82' lang='lat'><strong><em>¹</em></strong></span> <span class='ocrx_word' id='word_1_171' title='bbox 181 3222 211 3277; x_wconf 80' lang='lat'>15</span> <span class='ocrx_word' id='word_1_172' title='bbox 249 3226 281 3279; x_wconf 89' lang='lat' dir='ltr'>A.</span> <span class='ocrx_word' id='word_1_173' title='bbox 303 3225 328 3279; x_wconf 77' lang='lat' dir='ltr'>(l.</span> <span class='ocrx_word' id='word_1_174' title='bbox 348 3226 374 3280; x_wconf 91' lang='lat' dir='ltr'>V</span> <span class='ocrx_word' id='word_1_175' title='bbox 392 3227 485 3281; x_wconf 82' lang='lat' dir='ltr'>Nonas</span> <span class='ocrx_word' id='word_1_176' title='bbox 505 3228 582 3282; x_wconf 86' lang='lat' dir='ltr'>Mart.</span> <span class='ocrx_word' id='word_1_177' title='bbox 948 3224 1134 3284; x_wconf 55' lang='lat' dir='ltr'>cccxxxix</span> 
     </span>
     <span class='ocr_line' id='line_1_32' title="bbox 250 3312 1136 3380; baseline 0.009 -15"><span class='ocrx_word' id='word_1_178' title='bbox 250 3312 394 3370; x_wconf 83' lang='lat' dir='ltr'>BALBVS</span> <span class='ocrx_word' id='word_1_179' title='bbox 418 3314 601 3371; x_wconf 86' lang='lat' dir='ltr'>CICERONI</span> <span class='ocrx_word' id='word_1_180' title='bbox 621 3344 658 3360; x_wconf 82' lang='lat'>·-·</span> <span class='ocrx_word' id='word_1_181' title='bbox 678 3314 805 3370; x_wconf 80' lang='lat' dir='ltr'>Obsecro</span> <span class='ocrx_word' id='word_1_182' title='bbox 827 3328 867 3380; x_wconf 88' lang='lat' dir='ltr'>te,</span> <span class='ocrx_word' id='word_1_183' title='bbox 889 3315 992 3372; x_wconf 85' lang='lat' dir='ltr'>Cicero</span> <span class='ocrx_word' id='word_1_184' title='bbox 1116 3315 1136 3366; x_wconf 72' lang='lat' dir='ltr'>A</span> 
     </span>
     <span class='ocr_line' id='line_1_33' title="bbox 179 3398 1133 3478; baseline 0.002 -28"><span class='ocrx_word' id='word_1_185' title='bbox 179 3398 212 3451; x_wconf 84' lang='lat'>16</span> <span class='ocrx_word' id='word_1_186' title='bbox 251 3398 354 3455; x_wconf 83' lang='lat' dir='ltr'>Omnia</span> <span class='ocrx_word' id='word_1_187' title='bbox 375 3402 443 3456; x_wconf 80' lang='lat' dir='ltr'>milii</span> <span class='ocrx_word' id='word_1_188' title='bbox 462 3403 573 3478; x_wconf 82' lang='lat' dir='ltr'>provisa</span> <span class='ocrx_word' id='word_1_189' title='bbox 1019 3399 1133 3458; x_wconf 79' lang='lat' dir='ltr'>cccxl.</span> 
     </span>
    </p>
   </div>
   <div class='ocr_carea' id='block_1_4' title="bbox 581 3575 728 3631">
    <p class='ocr_par' dir='ltr' id='par_1_10' title="bbox 581 3575 728 3631">
     <span class='ocr_line' id='line_1_34' title="bbox 581 3575 728 3631; baseline 0.007 -1"><span class='ocrx_word' id='word_1_190' title='bbox 581 3575 661 3631; x_wconf 78' lang='lat' dir='ltr'>Lmuu</span> <span class='ocrx_word' id='word_1_191' title='bbox 681 3577 728 3631; x_wconf 87' lang='lat' dir='ltr'>IX.</span> 
     </span>
    </p>
   </div>
   <div class='ocr_carea' id='block_1_5' title="bbox 193 3745 1136 3998">
    <p class='ocr_par' dir='ltr' id='par_1_11' title="bbox 193 3745 1136 3998">
     <span class='ocr_line' id='line_1_35' title="bbox 197 3745 1136 3822; baseline 0.014 -30"><span class='ocrx_word' id='word_1_192' title='bbox 197 3760 205 3792; x_wconf 86' lang='grc' dir='ltr'>ι</span> <span class='ocrx_word' id='word_1_193' title='bbox 248 3745 321 3810; x_wconf 89' lang='lat' dir='ltr'>Etsi,</span> <span class='ocrx_word' id='word_1_194' title='bbox 342 3769 427 3822; x_wconf 88' lang='lat' dir='ltr'>quum</span> <span class='ocrx_word' id='word_1_195' title='bbox 449 3766 477 3808; x_wconf 90' lang='lat' dir='ltr'>tu</span> <span class='ocrx_word' id='word_1_196' title='bbox 497 3753 547 3808; x_wconf 81' lang='lat' dir='ltr'>bas</span> <span class='ocrx_word' id='word_1_197' title='bbox 566 3753 605 3808; x_wconf 89' lang='lat' dir='ltr'>lit.</span> <span class='ocrx_word' id='word_1_198' title='bbox 1002 3750 1136 3809; x_wconf 68' lang='lat' dir='ltr'>CCCVLI</span> 
     </span>
     <span class='ocr_line' id='line_1_36' title="bbox 193 3831 1136 3912; baseline 0.01 -31"><span class='ocrx_word' id='word_1_199' title='bbox 193 3846 208 3879; x_wconf 80' lang='lat'>2</span> <span class='ocrx_word' id='word_1_200' title='bbox 249 3831 331 3899; x_wconf 76' lang='lat' dir='ltr'>(Pers</span> <span class='ocrx_word' id='word_1_201' title='bbox 352 3838 457 3912; x_wconf 81' lang='lat' dir='ltr'>prima)</span> <span class='ocrx_word' id='word_1_202' title='bbox 477 3843 534 3897; x_wconf 87' lang='lat' dir='ltr'>Etsi</span> <span class='ocrx_word' id='word_1_203' title='bbox 553 3842 638 3897; x_wconf 81' lang='lat' dir='ltr'>Nouis</span> <span class='ocrx_word' id='word_1_204' title='bbox 658 3842 735 3895; x_wconf 83' lang='lat' dir='ltr'>Mart.</span> <span class='ocrx_word' id='word_1_205' title='bbox 987 3838 1136 3897; x_wconf 75' lang='lat' dir='ltr'>CCCXIII</span> 
     </span>
     <span class='ocr_line' id='line_1_37' title="bbox 193 3917 1134 3998; baseline 0.016 -32"><span class='ocrx_word' id='word_1_206' title='bbox 193 3931 208 3963; x_wconf 65' lang='grc' dir='ltr'>ν.</span> <span class='ocrx_word' id='word_1_207' title='bbox 248 3917 332 3985; x_wconf 78' lang='lat' dir='ltr'>(Pars</span> <span class='ocrx_word' id='word_1_208' title='bbox 352 3931 438 3998; x_wconf 80' lang='lat' dir='ltr'>eutr.)</span> <span class='ocrx_word' id='word_1_209' title='bbox 460 3928 486 3982; x_wconf 95' lang='lat' dir='ltr'>O</span> <span class='ocrx_word' id='word_1_210' title='bbox 507 3950 563 3985; x_wconf 85' lang='lat' dir='ltr'>rem</span> <span class='ocrx_word' id='word_1_211' title='bbox 585 3929 724 3985; x_wconf 82' lang='lat' dir='ltr'>difficilem</span> <span class='ocrx_word' id='word_1_212' title='bbox 969 3924 1134 3985; x_wconf 76' lang='lat' dir='ltr'>CCCXLIII</span> 
     </span>
    </p>
   </div>
   <div class='ocr_carea' id='block_1_6' title="bbox 0 0 1306 4830">
    <p class='ocr_par' dir='ltr' id='par_1_12' title="bbox 0 0 1306 4830">
     <span class='ocr_line' id='line_1_38' title="bbox 0 0 1306 4830; baseline 0 0"><span class='ocrx_word' id='word_1_213' title='bbox 0 0 1306 4830; x_wconf 95' lang='lat' dir='ltr'> </span> 
     </span>
    </p>
   </div>
  </div>
 </body>
</html>
