2624 4830
252 427 323 500 310
609 445 779 495 rrrsrorr
807 446 881 495 xrr.
1031 445 1225 512 necno

251 564 307 625 tae
332 573 398 649 pro
423 572 460 622 re
485 546 622 647 publica
650 548 909 644 contentiones,
934 544 1244 654 solicitudinesqne

250 668 396 749 luerunt.
427 673 551 775 ltaque
577 672 632 746 vel
664 674 772 774 ipsius
804 675 932 773 virtus„
956 671 1012 745 vel
1037 689 1159 749 nostre
1185 703 1245 750 nc·

249 799 425 875 cessitudo
452 788 558 872 debet
574 798 761 874 conciliare
779 815 813 872 te
831 798 898 871 illi:
916 823 986 899 quo
1003 800 1119 873 minus
1136 801 1244 875 mnlta

249 925 333 1000 mibi
351 924 533 1000 scribenda
550 951 625 998 esse
643 925 801 999 arbitror.
817 921 992 998 Voluntas
1005 925 1101 999 enim
1118 939 1155 999 te
1171 952 1242 999 mo-

248 1078 331 1126 vere
357 1050 463 1124 debet
485 1066 623 1148 nostra,
648 1053 677 1123 si
704 1051 811 1124 modo
833 1051 923 1123 iuste
941 1063 1011 1148 est,
1036 1064 1097 1123 ant
1113 1077 1180 1150 pro
1196 1052 1245 1125 of-

248 1178 330 1251 ficio
352 1178 547 1250 necessario
564 1177 761 1276 suscipitur.
779 1177 821 1248 ln
838 1177 973 1249 Pansae
990 1174 1108 1249 locum
1126 1191 1245 1277 petere

250 1304 440 1377 constituit.
472 1304 562 1375 Eam
587 1302 862 1375 nominationem
888 1327 907 1373 e
934 1314 969 1372 te
994 1302 1156 1400 petimus.
1181 1303 1246 1378 Ne-

250 1455 318 1530 que
344 1428 574 1502 coniunctiori
600 1425 681 1500 dare
706 1427 918 1500 beneficium
927 1483 937 1527 7
963 1453 1067 1529 quem
1093 1454 1159 1502 nos
1182 1429 1247 1502 tibi

235 1567 386 1653 sumus,
417 1578 529 1654 neque
556 1553 747 1650 digniorem
782 1555 965 1627 nominare
997 1567 1116 1654 potes,
1141 1580 1245 1657 quem

143 1656 150 1671 f
248 1678 422 1757 Bibulum.
458 1680 512 1753 Dc
543 1679 699 1753 Domitio
732 1693 767 1753 et
794 1679 969 1780 Appuleio
1003 1678 1089 1781 quid
1122 1685 1246 1753 attinet

248 1829 306 1878 me
331 1803 497 1902 scribere,
522 1831 628 1906 quum
655 1806 722 1904 ipsi
747 1831 810 1904 per
835 1831 872 1878 se
899 1805 961 1878 tibi
979 1795 1247 1879 commendatis

249 1929 328 2003 simi
352 1930 442 2005 sinti
467 1930 678 2031 Appuleium
703 1957 788 2005 vero
814 1947 852 2004 tu
879 1946 940 2004 tun
964 1934 1175 2007 anctoritate
1191 1960 1245 2005 su-

249 2056 377 2130 stinere
403 2055 518 2131 debes.
551 2057 621 2130 Sed
646 2056 839 2157 Appuleius
865 2057 902 2128 in
926 2083 989 2129 sua
1014 2057 1164 2156 epistola
1189 2083 1244 2130 ce·

246 2180 448 2256 lebrebitur.
480 2183 643 2256 Bibulum
677 2182 749 2255 noli
784 2182 962 2255 dimittere
997 2208 1038 2254 ex
1065 2185 1142 2254 sinu
1168 2198 1247 2280 tn05

247 2320 384 2415 tantum
410 2311 480 2380 iam
508 2311 635 2406 virum,
657 2317 709 2380 ‘ex
735 2323 885 2408 quamn,
917 2308 1020 2382 crede
1053 2309 1157 2408 mihi,
1182 2336 1245 2409 po-

249 2446 318 2505 test
351 2433 520 2530 evadere,
556 2436 614 2534 qni
650 2436 774 2507 vestris
807 2461 999 2534 paucorum
1033 2436 1244 2535 respoudeat

248 2556 419 2631 laudibus.

711 2810 792 2883 XV·
1001 2855 1054 2909 (ltu
1070 2855 1132 2900 Brut.
1150 2858 1175 2917 1,
1190 2856 1221 2913 6)

247 2988 469 3066 Argumentum.
488 2985 661 3068 Respondet
673 2987 816 3069 epistolae
830 2988 903 3047 Xll:
926 2990 1078 3069 Glycona,
1093 2991 1243 3051 medicum

287 3093 416 3166 Pansae,
436 3104 470 3153 ut
483 3115 500 3154 e
515 3093 784 3176 custodireripint,
807 3106 910 3177 rogan
931 3097 956 3153 F
959 3097 1086 3169 lovium,
1107 3101 1242 3178 quicum

286 3201 506 3283 Dyrrhachinis
528 3201 610 3261 litem
637 3200 785 3272 habebnt,
812 3203 1021 3272 commendet,
1042 3216 1070 3264 et
1091 3205 1128 3264 de
1150 3205 1242 3264 Dole-

284 3307 363 3370 belln
383 3309 487 3390 fugato
509 3329 654 3389 caesoque
675 3314 831 3369 certiorem
853 3310 931 3370 facit.

291 3541 343 3593 Ser.
363 3542 487 3592 adimam
507 3541 660 3593 Candaviam
681 3545 710 3594 A.
728 3542 761 3596 V.
780 3542 808 3594 C.
826 3543 933 3606 DCCX,
953 3543 1059 3612 postrirl.
1079 3544 1117 3594 ld.
1139 3544 1198 3596 Mai.

532 3740 683 3802 BRVTVS
710 3741 895 3804 ClCERONl
922 3743 950 3802 S.

295 3945 374 4018 Noli
401 3959 601 4046 exspectare
628 3947 712 4018 dnm
735 3948 797 4017 tibi
815 3952 940 4044 gratias
959 3974 1067 4045 agenr.
1098 3934 1241 4048 Inmsti-

246 4071 325 4146 dem
353 4072 422 4145 lroc
449 4099 490 4144 ex
516 4086 634 4146 nostra
663 4073 934 4170 necessitudine,
961 4099 1048 4174 quae
1075 4074 1120 4147 nd
1145 4100 1239 4147 snm-
