2624 4830
256 427 324 500 126
471 466 477 481 ·
561 442 735 492 errsronl
763 443 925 490 ncccxxu.
1031 442 1226 504 nuum

630 669 877 745 DCCCXXV·
987 712 1039 770 (ss
1057 713 1110 760 m«.
1127 713 1167 771 x,
1182 714 1229 775 ³1)

251 859 471 936 Aginatium.
492 852 614 924 Norunt,
635 852 767 911 Antonio
785 802 979 923 adleuiente,
999 848 1075 932 quid
1094 853 1206 934 egerit;
1225 863 1252 914 et

290 965 353 1043 agit
373 963 484 1042 gratius
502 959 654 1030 Ciceroni,
674 956 759 1040 quod
778 957 888 1039 iniquis
903 954 941 1018 de
954 977 987 1019 se
1001 955 1181 1020 rumoribus
1193 979 1250 1020 non

290 1066 459 1131 crediderit.

346 1327 402 1386 Ser.
419 1327 552 1383 incastris
569 1325 601 1376 erl
620 1326 697 1377 Pont.
718 1325 876 1393 Argenteum
894 1326 925 1379 Δ.
945 1324 979 1375 V.
997 1325 1028 1378 C.
1049 1325 1157 1390 DCCX,

657 1417 692 1472 xl
711 1417 770 1471 ltu.
788 1418 848 1473 lun.

341 1618 386 1682 ππ.
411 1616 685 1719 tsrrnvsgnn.
709 1616 894 1682 1rsnvn1
920 1616 1039 1683 ronr.
1062 1616 1163 1681 nux,

537 1697 697 1818 εμπ
722 1727 758 1790 r.
782 1725 970 1793 cremon

302 1937 335 2010 S.
360 1936 404 2009 V.
427 1937 466 2015 B.
492 1936 533 2008 E.
558 1936 600 2009 E.
618 1933 661 2008 V.
677 1949 692 1982 ²
709 1934 831 2026 Quum
847 1932 1040 2031 audissem,
1056 1935 1250 2009 Antonium

252 2089 334 2138 cum
358 2063 429 2137 suis
453 2062 584 2164 copiis,
609 2061 803 2162 praemisso
827 2063 867 2134 1..
884 2061 1040 2134 Antonio
1053 2086 1137 2134 cum
1153 2075 1250 2162 parte

251 2193 444 2292 equitatus,
468 2190 506 2261 in
531 2189 749 2289 provinciam
768 2213 882 2259 meant
900 2188 1034 2287 venire,
1061 2215 1144 2262 cum
1159 2214 1250 2264 exer·

251 2316 323 2389 citu
350 2340 428 2389 meo
459 2314 505 2387 ab
536 2313 735 2388 confluente
767 2313 973 2388 Rhoduno³
999 2327 1114 2389 eastra
1141 2317 1251 2413 movi,

250 2467 292 2514 ac
310 2454 433 2514 contra
451 2465 512 2514 eos
537 2440 657 2513 venire
683 2441 828 2513 institui.
853 2442 976 2542 Itaque
1001 2442 1180 2516 continuis
1196 2442 1250 2515 iti·

250 2567 391 2641 neribus
425 2566 472 2639 ad
505 2567 638 2641 Forum
663 2565 865 2640 Vocontiil
891 2568 987 2667 reni,
1016 2582 1053 2641 et
1078 2567 1169 2642 ultra
1195 2594 1251 2641 ca·

248 2707 320 2768 stra
345 2693 393 2767 ad
416 2692 547 2766 flumen
564 2694 778 2792 Argenteum
797 2708 920 2768 contra
937 2695 1158 2769 Antonianos
1176 2695 1250 2768 leci.

247 2821 287 2895 P.
312 2819 533 2896 Ventidius⁵
559 2847 639 2894 suas
671 2820 825 2920 legiones
858 2835 927 2895 tres
961 2823 1146 2897 coniunxit
1170 2848 1249 2895 cum

248 2972 309 3046 eo,
336 2961 373 3020 et
398 2928 488 3022 ultra
520 2973 578 3021 me
610 2962 724 3022 castra
758 2949 885 3048 posuit.
917 2949 1083 3022 Habebat
1115 2951 1249 3023 untee⁶

247 3072 421 3174 legionem
453 3074 631 3177 quintum,
655 3088 692 3148 et
717 3100 760 3147 ex
785 3074 926 3176 reliquis
955 3072 1152 3174 legionibus
1178 3101 1249 3148 ma·

249 3227 354 3300 gnam
383 3200 662 3300 multitudinem,
694 3201 758 3276 sed
786 3203 1008 3276 inermorum.
1042 3204 1249 3305 Equitstum

248 3327 357 3403 habet
382 3356 557 3431 magnum.
591 3329 683 3404 Nam
708 3332 855 3403 omnis⁷
882 3354 925 3402 ex
951 3327 1085 3436 proelio
1118 3329 1250 3428 integer

250 3453 425 3556 discessit,
449 3459 498 3531 itu
524 3473 564 3532 ut
589 3459 659 3531 siut
677 3455 825 3559 amplius
844 3458 1000 3559 equiturn
1016 3432 1060 3483 Ἰ*
1077 3456 1102 3527 ⁸.
1128 3457 1249 3557 Itaque

249 3577 297 3651 ud
322 3606 377 3653 me
400 3583 599 3684 complures
626 3583 752 3658 milites
779 3597 816 3656 et
839 3585 973 3685 equites
998 3583 1043 3656 eb
1070 3609 1115 3656 eo
1142 3595 1249 3655 trans·

249 3703 380 3804 ierunt,
404 3722 441 3781 et
464 3710 501 3781 in
525 3709 599 3782 dies
619 3709 775 3809 singulos
800 3710 875 3784 eius·
893 3711 1017 3811 copiae
1035 3710 1247 3783 minuuntur.

250 3827 388 3904 Silanus
411 3847 447 3906 et
470 3834 591 3909 Culleo
610 3837 654 3909 ab
673 3863 715 3909 eo
734 3837 976 3911 discesserunt.
1002 3836 1076 3910 Nos
1094 3837 1160 3909 etsi
1179 3860 1248 3933 gru·

251 3954 340 4032 viter
372 3957 417 4032 ub
449 3959 491 4034 iis
523 3959 607 4035 laesi
641 3964 1247 4062 e1·aruus,quodeontrunostnnu
