2624 4830
165 412 220 489 66
496 431 663 482 errsroun
690 431 821 479 ncccrv.
946 430 977 481 rt
997 433 1033 479 v.
1047 431 1076 481 c.
1094 443 1140 492 72·

315 660 370 716 ser.
387 660 482 715 nome
501 663 531 714 ι.
549 659 582 712 ν.
599 659 629 714 α
646 656 754 725 nccx,
771 656 812 712 ιιι
832 656 892 711 aar.
911 657 1022 737 rprq.

181 848 198 885 ·
259 910 270 938 ,
311 912 314 918 .
500 832 650 924 'ercam
674 853 831 927 rumco

218 1050 297 1126 Etsi
324 1048 409 1124 satis
432 1071 480 1147 ex·
500 1043 635 1120 Furnio
664 1057 786 1120 nostru
817 1067 1006 1145 cognoram
1028 1059 1055 1144 ¹,
1076 1071 1163 1148 quae

171 1193 231 1252 tua
260 1174 439 1274 voluntas,
471 1171 570 1277 quod
603 1169 787 1248 consilium
812 1167 856 1243 de
880 1195 919 1244 re
943 1160 1088 1272 publiea
1111 1197 1168 1247 esi

168 1276 247 1402 set,
263 1316 399 1399 tamen,
423 1301 493 1373 tuis
517 1298 627 1373 literis
659 1292 759 1371 lectis
777 1310 802 1396 ²,
826 1294 992 1397 liquidius
1016 1295 1062 1373 de
1087 1310 1163 1373 toto

167 1455 272 1503 sensu
304 1441 367 1502 tuo
398 1424 562 1499 iudicavi.
596 1421 852 1520 Quamobrem,
884 1448 1097 1524 quamquam
1127 1425 1163 1497 in

167 1576 242 1628 uno
269 1551 401 1655 praelio
419 1553 434 1602 ³
452 1552 573 1624 'omnis
590 1549 742 1622 'lermna
774 1548 824 1622 rei
856 1547 1018 1648 publicae
1052 1547 1162 1622 disee·

167 1691 265 1782 plat,
290 1677 388 1782 quod
412 1676 575 1780 quidem,
598 1698 704 1776 quum
730 1673 817 1747 lraee
842 1673 989 1774 legeres,
1013 1675 1085 1751 iam
1103 1673 1162 1748 de-

170 1802 339 1881 cretuml
364 1801 558 1877 arbitrabar
582 1794 678 1899 fore;¹
698 1812 815 1872 tamen
841 1799 916 1901 ipsa
941 1782 1052 1901 lima,
1075 1826 1162 1904 quae

167 1918 215 2008 de
231 1944 292 2006 tua
309 1928 491 2035 veluntate
517 1925 737 2029 percrebruit
748 1926 774 2024 ⁵,
790 1952 952 2025 magnam
969 1925 1161 2007 erlaudem

168 2043 387 2155 ennaeeutua
411 2057 534 2156 Itaque
559 2054 589 2128 si
615 2052 822 2128 consulem⁶
839 2054 971 2127 Romae
988 2051 1161 2133 habuisse

167 2211 260 2283 mus,
283 2181 499 2259 declaratum
530 2178 691 2255 essetab
717 2193 840 2253 senatu
873 2206 961 2253 cum,
985 2179 1057 2270 tuis
1088 2207 1161 2257 nra·

168 2307 467 2409 gnishonoribus,
492 2332 599 2406 quam
622 2319 739 2404 gratus
764 2319 856 2380 esset
880 2320 1030 2380 conatus
1047 2321 1161 2408 etap-

166 2445 309 2534 paratus
333 2445 423 2512 tuus.
448 2433 554 2505 Cuius
579 2432 629 2504 rei
653 2455 727 2506 nou
751 2431 859 2506 modo
884 2456 958 2507 non
982 2432 1160 2534 praeteriit

167 2570 321 2659 tempus,
353 2556 485 2631 sedne
510 2571 685 2631 matumrn
718 2557 860 2660 quidem
893 2554 998 2632 etiam
1024 2542 1119 2634 nune
1134 2576 1160 2656 r,

167 2709 249 2760 meo
272 2683 413 2786 quidem
437 2682 584 2782 iudicio,
610 2683 681 2757 fuit
707 2684 741 2757 Is
768 2683 862 2757 euim
888 2683 1072 2788 deniquel
1097 2682 1160 2760 ho·

169 2834 235 2885 uos
257 2809 343 2883 mihi
369 2809 479 2883 videri
503 2810 608 2909 solet,
635 2811 693 2912 qui
719 2834 791 2884 non
818 2825 963 2911 propter
987 2837 1088 2911 spem
1112 2810 1160 2883 fu·

168 2936 238 3010 turi
267 2934 444 3035 beneficii,
475 2936 537 3010 sed
569 2950 715 3037 propter
747 2964 871 3036 magna
904 2939 1026 3011 merita
1060 2937 1159 3012 claris
1200 2981 1205 2993 x

167 3063 252 3136 viris
283 3061 434 3136 defertur
458 3077 495 3136 et
519 3063 630 3136 datur.
663 3065 798 3161 Quare,
829 3064 876 3137 sit
907 3063 1016 3138 modo
1046 3063 1158 3167 aliqua

166 3214 221 3263 res
244 3187 402 3292 publiea,
425 3190 463 3262 in
489 3216 556 3291 qua
582 3190 696 3267 honos
715 3189 864 3263 ¹elucere
896 3191 1026 3290 possit3
1051 3189 1159 3266 omni·

162 3312 245 3416 bus,
272 3314 357 3388 mihi
384 3315 504 3413 erede,
537 3315 756 3416 amplissimis
779 3315 975 3392 ‚honoribus
1002 3316 1158 3393 abunda·

159 3437 290 3515 hisls
316 3422 452 3540 autem,
477 3443 537 3543 qui
562 3469 644 3517 vere
670 3422 839 3543 appellari
872 3456 992 3544 potest
1009 3442 1159 3540 >honos,

158 3587 233 3637 non
249 3565 521 3641 invitamentum
545 3568 593 3643 ad
616 3583 774 3670 tempus,
798 3570 862 3643 sed
884 3584 1078 3671 perpetuae
1093 3568 1156 3647 vir·

158 3689 244 3763 tutis
270 3706 324 3764 est
348 3695 549 3794 praemium.
576 3694 832 3794 Quamobrem,
857 3697 905 3769 mi
930 3688 1081 3798 Plance,
1104 3697 1155 3769 in·

161 3815 288 3891 cumbe
311 3833 389 3893 toto
413 3835 558 3923 pertore
583 3823 630 3898 ad
654 3822 812 3922 laudem,
836 3822 984 3898 subveni
1009 3813 1156 3925 patriae3

164 3942 337 4043 opitulare
361 3945 514 4048 collegae
530 3966 561 4046 93
586 3948 742 4025 omnium
767 3951 922 4048 gentium
947 3972 1154 4024 consensum
