2624 4830
252 416 316 508 144
555 438 724 487 errarem
752 440 928 488 ucccxxxr.
1022 439 1053 489 s.
1072 442 1106 491 v.
1124 444 1153 490 e.
1174 456 1219 504 μα

427 666 481 715 5ου
501 664 594 715 toruae
613 667 643 715 Δ.
661 663 694 717 V.
713 663 742 716 C.
762 662 870 727 Dect,
888 679 973 714 meuse
991 663 1068 716 Maio.

585 859 728 924 CICERO
752 859 910 924 PLANCO

298 1054 520 1150 Quamquam
552 1049 737 1147 gratiarum
771 1049 945 1121 actionem
972 1076 991 1120 a
1020 1063 1054 1121 te
1080 1075 1154 1124 nou
1185 1054 1245 1126 de·

248 1175 461 1272 siderabam,
489 1200 596 1275 quum
621 1187 656 1245 te
682 1174 818 1272 reipsa
845 1186 949 1273 atque
973 1174 1091 1247 animo
1117 1180 1242 1251 scirem

247 1326 322 1373 esse
340 1301 588 1398 gratissimum,
614 1313 731 1371 tameu
757 1298 953 1385 (fatendum
970 1313 1024 1371 est
1040 1301 1155 1391 enim)
1178 1303 1244 1377 fuir

247 1443 317 1500 ea·
346 1427 428 1498 mihi
466 1427 687 1526 periucunda.
724 1425 780 1498 Sic
814 1427 907 1501 euim
935 1425 1029 1524 vidi,
1062 1429 1161 1528 quasi
1187 1457 1248 1528 ea,

208 1582 210 1586 ³
246 1579 335 1653 quae
368 1551 476 1625 oculis
509 1567 739 1650 ceuruutur²,
764 1578 863 1624 mea
895 1566 930 1624 te
962 1553 1079 1626 amari.
1115 1554 1242 1652 Dices,

229 1679 332 1778 ‘quid
356 1682 479 1752 ariteai
503 1679 648 1778 Semper
673 1677 832 1779 equidem
851 1680 880 1775 ³5
904 1678 968 1750 sed
992 1704 1186 1780 numquam
1203 1681 1240 1752 il·

245 1802 394 1876 lustrius.
421 1805 557 1878 Literae
583 1817 662 1875 tuae
687 1801 890 1875 mirabiliter
915 1817 1031 1900 gratae
1055 1803 1168 1878 sunit
1186 1832 1239 1878 se·

246 1930 361 2028 uatui,
385 1955 491 2030 quum
519 1926 619 2001 rebus
645 1928 743 2027 ipsis,
771 1953 859 2028 quae
884 1941 984 2001 erant
1016 1931 1238 2027 gravissimae

245 2069 282 2127 et
307 2055 492 2153 maximae,
516 2053 691 2128 fortissimi
718 2055 841 2152 animi,
865 2057 1060 2156 summique
1081 2038 1242 2148 cousilii3

244 2196 318 2253 turn
336 2184 439 2255 etiam
458 2183 626 2280 gravitate
642 2184 891 2254 sententiarum
917 2196 1021 2283 utque
1039 2182 1239 2257 verborum.

152 2330 155 2345 ·
242 2306 330 2404 Sed,
357 2308 403 2378 uri
427 2306 572 2404 Plance,
601 2306 780 2406 incumbe,
806 2322 844 2380 ut
868 2306 950 2380 belli
976 2321 1128 2381 extrema
1156 2335 1235 2409 per-

242 2432 380 2504 ficias⁵.
406 2433 447 2504 In
474 2431 541 2505 lroc
573 2433 638 2506 erit
670 2459 802 2505 summu
838 2447 874 2504 et
906 2434 1015 2531 gratia
1048 2448 1085 2505 et
1118 2431 1236 2531 gloria.
1263 2480 1268 2490 μ

241 2559 354 2655 Cupio
386 2559 502 2630 omnia
531 2559 578 2630 rei
605 2557 764 2657 publicae
797 2585 918 2657 eausa,
942 2559 1021 2657 sed,
1054 2559 1235 2633 mehercu-

240 2681 306 2779 leS,
329 2684 365 2755 iu
384 2710 422 2755 ea
442 2684 678 2756 corrserveudu
696 2686 765 2756 iam
784 2683 1008 2782 defatigatus,
1033 2711 1106 2757 uon
1124 2686 1234 2759 multu

240 2811 318 2908 plus
344 2811 475 2909 patriae
502 2810 615 2908 faveo,
641 2838 745 2911 quam
772 2824 851 2883 tuae
878 2809 1022 2908 gloriae:
1050 2813 1148 2885 cuius
1167 2839 1235 2885 ma·

240 2936 368 3007 xiruuur
395 2936 592 3008 fucultatem
626 2937 687 3009 tibi
719 2937 765 3009 dii
792 2936 1025 3036 immortales,
1049 2952 1089 3010 ut
1114 2965 1235 3038 speru,

241 3061 368 3134 dedere
385 3065 416 3134 ⁶:
444 3089 547 3163 quam
581 3063 833 3162 complectere,
862 3063 1017 3135 obsecro.
1044 3065 1116 3154 Qui
1142 3065 1233 3136 euim

239 3191 429 3261 Antonium
457 3191 684 3289 oppresserit,
709 3191 737 3261 is
764 3188 831 3260 huc
857 3188 985 3260 bellum
1018 3190 1231 3262 teterrimum

239 3315 635 3416 periculosissimumque
662 3315 856 3389 confecerit.

585 3632 905 3745 ucccxxxu
956 3709 1205 3767 (ΜΜῌ)

232 3845 450 3924 Argumentum.
477 3849 636 3922 Quorum,
664 3848 702 3907 ab
730 3850 859 3908 Antonio
888 3845 1001 3906 bullum
1031 3854 1228 3910 renovatum,

221 4006 226 4017 .
271 3952 352 4036 quod
373 3950 529 4014 huminum
552 3958 694 4037 opiuioue
715 3954 854 4038 impediri
876 3976 894 4013 a
915 3954 1008 4014 Bruto
1030 3953 1184 4034 potuisset.
