2624 4830
135 363 138 367 *
176 386 181 403 ¹
230 382 301 479 44ο
493 462 496 469 ,
605 407 866 458 iuuommonos

229 508 249 572 8
270 511 412 592 Quinque
432 512 525 571 nostri
549 509 708 594 stuppas,
728 510 776 571 vel
800 509 958 594 Comppus.
978 509 1027 571 De
1048 531 1089 572 eo
1109 511 1170 574 vid.
1190 535 1236 596 ep.

268 616 479 680 DCCLXXIX
500 630 571 680 exlr.

230 726 537 810 quceommodatum
552 738 693 811 naturae,
710 724 741 787 h.
757 749 781 787 e.
796 729 915 807 ingenio
929 746 1006 789 meo.
1027 727 1105 788 Mox
1123 731 1239 812 inepte,

271 848 360 918 putu,
379 835 467 896 amb.
490 859 507 916 7
530 848 560 897 et
581 838 650 897 Rea.
670 858 747 897 nunc
766 835 860 896 videa.
888 837 969 896 Tum
994 837 1092 896 vuitus
1112 852 1238 898 —tuos

274 957 318 1007 est
343 945 438 1024 idem,
459 966 494 1005 ae
514 944 630 1005 vultum
653 955 759 1026 tuum3
786 965 854 1003 nam
882 943 988 1027 plurali
1014 965 1144 1004 numeeo
1170 944 1239 1004 alias

274 1051 409 1114 adhiberi
430 1053 489 1114 vidi
510 1074 566 1135 pro
588 1053 743 1134 singulari,
763 1063 798 1112 ut
810 1073 866 1134 pro
882 1052 997 1113 Cluenu
1015 1074 1040 1112 e.
1054 1052 1112 1134 26,
1134 1064 1165 1113 et
1185 1073 1239 1135 poo

272 1162 373 1222 Plane.
393 1160 427 1223 18
442 1183 459 1220 a
474 1162 552 1223 med.
575 1164 769 1243 Quamquam
784 1161 888 1223 melius
904 1159 1069 1244 acciperem
1085 1183 1143 1243 pro
1158 1161 1238 1221 fron·

273 1273 310 1331 tis
331 1281 361 1331 et
381 1273 471 1330 totius
492 1272 550 1330 oris
572 1272 795 1330 contractiones.

237 1397 273 1438 ιο
291 1376 349 1436 Ed.
370 1376 450 1437 Med.
471 1399 668 1438 succenseant.

237 1503 269 1543 11
294 1486 369 1545 Tres
389 1483 499 1544 Ambb.
521 1506 589 1544 cum
609 1484 716 1546 Lamb.
737 1484 782 1547 ad
801 1505 848 1544 nie
867 1505 958 1544 unum
978 1498 1048 1546 iate
1069 1485 1182 1545 literas.

238 1614 271 1654 ια
293 1592 341 1654 Ad
361 1614 407 1674 ep.
428 1592 585 1654 DCCCVl.

236 1702 272 1762 13
292 1700 398 1762 Lomb.
418 1703 508 1762 orbus
527 1715 571 1761 est
589 1713 716 1761 senatus.

237 1810 274 1887 14
294 1810 387 1887 Quod
414 1811 583 1892 impositum
611 1808 723 1891 populo
751 1829 811 1868 non
837 1820 901 1870 erat
929 1821 997 1891 post
1025 1808 1175 1871 devictam
1204 1807 1241 1870 oh

274 1918 400 1980 Aemilio
413 1918 519 1979 Paullo
535 1917 752 1978 Macedoniam.
767 1915 828 1977 Off.
843 1917 888 1999 11,
905 1937 958 2000 aa,
972 1917 1085 1978 Pluton.
1100 1920 1130 1981 in
1145 1919 1241 1980 Pani

275 2029 351 2111 viia,
372 2049 400 2110 p.
422 2027 490 2108 275.
511 2028 628 2088 Manat.

238 2134 274 2196 15
294 2135 351 2197 Alii
370 2135 483 2208 Atreio,
505 2134 551 2194 alii
567 2136 678 2208 Accio,
700 2134 749 2194 alii
760 2134 875 2204 Attico,
898 2144 928 2193 et
942 2135 982 2192 ita
996 2132 1159 2212 legendum
1175 2155 1241 2195 cen-

274 2264 338 2303 seo:
364 2254 399 2303 ut
417 2245 441 2302 is
461 2244 620 2318 Dionysius
646 2240 843 2322 significetur,
869 2243 938 2324 qui,
963 2262 1059 2323 quum
1086 2241 1239 2303 Ciceronis

274 2370 377 2410 servus
397 2361 487 2430 esset,
506 2350 603 2411 faetus
622 2349 714 2432 liber,
735 2369 772 2409 ex
794 2349 937 2409 Cicerone
958 2361 988 2435 et
1008 2350 1109 2410 Attico
1125 2354 1242 2411 iunctus

268 2469 330 2541 fleat,
345 2469 374 2520 et
387 2457 436 2541 (in
451 2480 496 2540 ep.
512 2458 630 2537 CXLII,
649 2458 681 2538 ι)
694 2457 857 2540 appellatus
871 2457 916 2517 M.
929 2458 1114 2539 Pomponius
1126 2459 1242 2518 Atticus

272 2568 446 2647 Dionysiam.
470 2565 592 2625 Corrad.
613 2567 683 2626 Msti
703 2564 815 2625 habent
836 2567 924 2624 etiam
946 2564 1033 2624 Actio
1057 2577 1087 2625 ei
1108 2566 1197 2626 Ateio
1213 2577 1241 2625 et

272 2674 388 2744 Atticm·
413 2673 465 2733 sed
488 2676 517 2732 in
537 2672 634 2732 Attico
663 2672 758 2733 multo
786 2673 885 2754 piures
913 2676 1112 2735 consentiunt.
1146 2675 1179 2734 Si
1200 2685 1241 2734 est

219 2814 222 2821 ·
273 2781 369 2860 idem,
391 2781 509 2862 dequo
531 2783 559 2839 in
581 2800 627 2861 ep.
648 2780 798 2858 DCCXC‚
820 2781 856 2858 3,
876 2782 1029 2841 Manutius
1050 2781 1240 2863 praeferebat

273 2888 386 2968 Attico,
407 2899 479 2948 uta
500 2899 626 2970 patrono
652 2909 705 2946 suo
728 2899 758 2948 et
779 2910 944 2969 cognomen
965 2901 995 2949 et
1015 2910 1128 2950 nomen
1155 2912 1240 2950 acee-

272 2999 358 3080 perit.
379 2998 426 3057 De
446 2996 504 3056 hoc
526 2996 619 3056 multa
638 3000 668 3056 iu
691 3018 757 3078 epp.
779 2998 864 3075 cxl,
886 2997 997 3056 cxxll
1018 2997 1151 3079 aliisque.

240 3102 276 3165 16
297 3105 410 3165 Omnes
431 3107 539 3188 nostri,
560 3105 631 3166 Rec.
647 3117 677 3165 et
691 3105 759 3165 edd.
774 3127 818 3187 pr.
837 3105 1006 3184 Tratorius,
1028 3116 1062 3164 ut
1083 3127 1174 3188 supra
1195 3128 1241 3188 ep.

273 3211 452 3274 DCCLXlV
472 3215 549 3295 init.;
571 3216 670 3294 itaque
691 3215 732 3272 sic
754 3213 898 3272 dedimus.
920 3212 1020 3302 Vulgo
1041 3214 1216 3274 Straeorius.

238 3341 272 3402 17
294 3322 350 3403 Ep.
372 3321 549 3404 Dcccx11‚
570 3321 597 3380 3.
619 3320 715 3381 codd.
737 3321 852 3401 aliquot
871 3320 908 3379 de
929 3321 963 3381 P.
977 3321 1084 3391 Lulio,·
1107 3321 1184 3381 vica
1206 3320 1242 3379 de

273 3430 307 3489 P.
329 3428 457 3501 Luccio,·
479 3428 566 3489 Amb.
593 3429 627 3489 13
654 3428 691 3488 de
712 3427 836 3501 Publio,
865 3431 973 3488 omisso
996 3429 1133 3488 Lucceio.
1162 3429 1241 3488 lnsra

272 3535 359 3595 Amb.
381 3535 401 3595 6
423 3549 453 3596 et
474 3536 541 3596 edd.
563 3559 607 3618 pe.
628 3558 720 3619 quam
740 3558 792 3616 ego
814 3536 880 3595 sim.
903 3537 951 3594 Bis
972 3557 1111 3617 peccasse
1125 3535 1243 3596 videtur

273 3641 428 3724 librarius,
450 3643 498 3702 hie
512 3645 633 3724 quidem
648 3645 823 3706 inculcando
837 3665 902 3703 snm
911 3689 920 3716 ,
937 3664 1026 3725 supra
1041 3663 1126 3724 vero,
1142 3666 1171 3704 n.
1191 3642 1241 3725 13,

275 3751 440 3810 omittendo
460 3764 510 3810 est.

240 3855 276 3918 18
298 3857 495 3938 Propinquus.

242 3987 276 4047 ¹9
296 3967 483 4026 Aitoliouum.
506 3967 552 4026 Di·
569 3967 746 4049 proferendo
761 3966 879 4081 dican!
902 3979 1118 4051 prorogarunt.
1141 3966 1241 4026 differ-
