2624 4830
219 421 290 497 330
580 438 753 491 crissoni
779 441 848 491 rur.
995 438 1026 489 Α.
1044 440 1078 491 v.
1096 442 1125 492 c.
1143 450 1192 505 tt·

326 668 380 722 ser.
399 667 494 721 Itomae
513 667 542 720 d.
561 667 593 720 V.
612 667 642 721 C.
660 665 767 735 DCOE,
784 682 871 721 mente
887 664 980 738 Quint.
996 665 1115 720 ineunte.

539 863 684 932 CICERO
710 864 844 931 BRVTO
868 864 898 930 S.

267 1057 345 1132 Etsi
371 1056 514 1130 daturus
543 1080 637 1129 eram
663 1050 830 1128 Messalae
860 1053 1015 1127 Corvino
1045 1051 1218 1130 contiuuo

217 1181 351 1281 literas,
375 1195 492 1276 tamen
517 1181 682 1254 Veterem
707 1192 866 1252 nostrum
891 1175 938 1250 ad
960 1190 996 1251 te
1012 1179 1087 1251 sine
1103 1177 1216 1253 literis

115 1318 121 1330 '
216 1308 304 1381 meis
328 1308 448 1380 venire
473 1305 580 1378 nolui.
605 1306 762 1378 Maximo
786 1305 823 1377 in
850 1302 1049 1378 discrimine
1074 1330 1130 1378 res
1152 1331 1220 1404 pu·

216 1431 325 1528 blica,
349 1433 477 1530 Brute,
500 1442 675 1526 versatur,
704 1430 924 1532 victoresque
949 1454 1066 1503 rursus
1094 1426 1219 1504 decer·

218 1568 293 1630 tare
310 1557 476 1654 cogimur.
493 1555 536 1629 Id
554 1553 682 1629 accidit
698 1555 745 1628 Μ.
761 1554 888 1654 Lepidi
907 1553 1038 1627 scelere
1056 1566 1221 1628 stamen·

219 1683 279 1757 tia.
309 1685 390 1775 Quo
420 1696 578 1783 tempore
610 1707 720 1784 quum
743 1679 854 1754 multa
879 1693 1025 1782 propter
1050 1704 1127 1753 eam
1156 1707 1219 1754 cu·

221 1835 310 1907 ram,
327 1834 432 1911 quam
449 1833 515 1908 pro
532 1833 570 1882 re
586 1807 728 1908 publica
745 1807 899 1908 suscepi,
915 1808 1064 1906 graviter
1081 1806 1225 1906 ferrem,

221 1949 297 2009 tum
321 1934 410 2008 nihil
434 1934 498 2008 tuli
524 1936 678 2034 gravius,
702 1959 807 2036 quam
832 1958 890 2006 me
915 1958 987 2007 nan
1012 1957 1117 2033 posse
1142 1959 1223 2006 ma·

221 2063 284 2136 tris
308 2074 389 2135 tuae
409 2061 572 2162 precibus
591 2061 733 2160 cedere,
756 2085 830 2134 nou
855 2060 994 2134 sororis.
1020 2058 1112 2133 Nam
1136 2058 1224 2160 tibi,

204 2168 207 2173 ⁵
222 2187 318 2292 quod
343 2187 429 2261 mibi
454 2187 593 2288 plurimi
611 2201 680 2289 est,
702 2187 802 2260 facile
818 2212 876 2260 me
893 2185 1151 2259 satisfacturum
1171 2210 1224 2258 ar·

220 2312 386 2388 bitrabar.
412 2314 518 2388 Nullo
544 2316 637 2387 enim
662 2313 771 2387 modo
798 2324 937 2414 poterat
962 2337 1067 2385 causa
1091 2311 1224 2412 Lepidi

222 2438 388 2539 &stingui
418 2439 462 2512 ab
488 2441 661 2513 Antonio:
693 2441 918 2541 omniumque
950 2437 1080 2511 iudicio
1114 2439 1225 2512 etiam

223 2564 343 2639 durior
359 2578 449 2663 erat,
474 2565 585 2666 quod,
609 2592 717 2667 quum
740 2564 933 2639 honoribus
960 2563 1183 2663 amplissimis
1202 2589 1224 2638 a

224 2703 345 2763 senatu
374 2703 464 2762 esset
494 2690 649 2789 Lepidus
679 2704 839 2790 ornatus,
864 2703 940 2762 tum
965 2692 1072 2763 etiam
1098 2691 1225 2790 paucis

224 2828 305 2888 ante
334 2812 456 2887 diebus
488 2814 682 2915 praeclaras
707 2815 824 2889 literas
850 2816 896 2889 ad
921 2831 1082 2890 senatum
1107 2817 1224 2889 misis-

224 2956 293 3016 set:
317 2956 461 3042 rcpente
486 2968 558 3015 uon
584 2942 696 3016 solum
715 2944 847 3043 recepit
862 2942 1025 3044 reliquias
1045 2943 1226 3040 hostium,

204 3067 288 3170 ‘sed
311 3067 441 3142 bellum
467 3073 673 3143 acerrimum
696 3084 783 3144 terra
810 3071 967 3171 marique
996 3070 1100 3168 gerit:
1127 3070 1226 3161 cuius

223 3196 334 3269 exitus
359 3196 420 3298 qui
444 3196 579 3270 futurus
604 3199 666 3296 sit,
691 3198 864 3270 incertum
881 3209 945 3269 est.
969 3196 1099 3296 Itaque
1117 3221 1226 3296 quum

221 3347 401 3423 rogamur,
429 3338 469 3398 ut
495 3323 773 3399 misericordiam
805 3323 922 3398 liberis
948 3323 1020 3395 eius
1046 3322 1227 3422 impertia-

221 3473 316 3548 mus,
340 3451 428 3523 nihil
454 3451 613 3550 allertur,
638 3477 708 3554 quo
734 3453 849 3524 suiuus
874 3475 1015 3524 summa
1032 3448 1226 3550 supplicia,

223 3575 252 3648 si
278 3576 396 3677 (quod
421 3579 554 3677 Iupiter
579 3605 683 3652 omen
709 3585 883 3666 avertatl)
908 3591 1009 3677 pater
1034 3600 1225 3677 puerorum

223 3700 362 3800 vicerit,
389 3701 568 3775 subeunda
595 3704 697 3777 uobis
723 3706 801 3776 siut
827 3703 901 3776 Nec
925 3727 1009 3776 vero
1035 3727 1091 3773 me
1118 3699 1226 3798 fugit,

227 3853 330 3927 quam
349 3829 394 3901 sit
411 3829 592 3927 acerbum,
618 3846 802 3930 parentum
821 3828 950 3902 scelera
969 3828 1121 3901 liliorum
1137 3851 1226 3927 poe·

228 3953 281 4025 nis
297 3952 355 4026 lui.
374 3954 444 4026 Sed
461 3955 529 4029 hoc
548 3957 723 4056 praeclare
740 3957 873 4054 legibus
891 3968 1134 4057 comparatum
1151 3965 1226 4049 est,
