<?xml version="1.0" encoding="UTF-8"?>
<!DOCTYPE html PUBLIC "-//W3C//DTD XHTML 1.0 Transitional//EN"
    "http://www.w3.org/TR/xhtml1/DTD/xhtml1-transitional.dtd">
<html xmlns="http://www.w3.org/1999/xhtml" xml:lang="en" lang="en">
 <head>
  <title>
</title>
<meta http-equiv="Content-Type" content="text/html;charset=utf-8" />
  <meta name='ocr-system' content='tesseract 3.04.00' />
  <meta name='ocr-capabilities' content='ocr_page ocr_carea ocr_par ocr_line ocrx_word'/>
</head>
<body>
  <div class='ocr_page' id='page_1' title='image "./mtulliiciceroni17cicegoog_0384.png"; bbox 0 0 2624 4830; ppageno 0'>
   <div class='ocr_carea' id='block_1_1' title="bbox 233 426 1231 2038">
    <p class='ocr_par' dir='ltr' id='par_1_1' title="bbox 233 426 1231 2038">
     <span class='ocr_line' id='line_1_1' title="bbox 237 426 1208 528; baseline -0.005 -30"><span class='ocrx_word' id='word_1_1' title='bbox 237 426 311 528; x_wconf 77' lang='lat'><strong>378</strong></span> <span class='ocrx_word' id='word_1_2' title='bbox 584 445 752 493; x_wconf 75' lang='lat' dir='ltr'><strong>terrrou</strong></span> <span class='ocrx_word' id='word_1_3' title='bbox 776 444 855 492; x_wconf 82' lang='lat' dir='ltr'><strong>m.</strong></span> <span class='ocrx_word' id='word_1_4' title='bbox 1012 446 1044 492; x_wconf 74' lang='grc' dir='ltr'><strong>ι.</strong></span> <span class='ocrx_word' id='word_1_5' title='bbox 1059 446 1094 493; x_wconf 75' lang='grc' dir='ltr'><strong>τ.</strong></span> <span class='ocrx_word' id='word_1_6' title='bbox 1110 446 1142 492; x_wconf 74' lang='lat' dir='ltr'><strong>c.</strong></span> <span class='ocrx_word' id='word_1_7' title='bbox 1158 456 1208 507; x_wconf 69' lang='grc' dir='ltr'><strong>μ.</strong></span> 
     </span>
     <span class='ocr_line' id='line_1_2' title="bbox 234 545 1230 647; baseline -0.003 -23"><span class='ocrx_word' id='word_1_8' title='bbox 234 551 275 624; x_wconf 85' lang='grc' dir='ltr'><strong>ἰιι</strong></span> <span class='ocrx_word' id='word_1_9' title='bbox 297 563 407 623; x_wconf 78' lang='lat' dir='ltr'><strong>tuum</strong></span> <span class='ocrx_word' id='word_1_10' title='bbox 431 547 522 621; x_wconf 78' lang='lat' dir='ltr'><strong>Nam</strong></span> <span class='ocrx_word' id='word_1_11' title='bbox 545 547 687 621; x_wconf 70' lang='lat' dir='ltr'><strong>Caecius</strong></span> <span class='ocrx_word' id='word_1_12' title='bbox 710 560 832 620; x_wconf 58' lang='lat' dir='ltr'><strong>nuder</strong></span> <span class='ocrx_word' id='word_1_13' title='bbox 855 545 997 620; x_wconf 84' lang='lat' dir='ltr'><strong>videtur</strong></span> <span class='ocrx_word' id='word_1_14' title='bbox 1018 573 1125 647; x_wconf 73' lang='lat' dir='ltr'><strong>pooee</strong></span> <span class='ocrx_word' id='word_1_15' title='bbox 1145 551 1230 621; x_wconf 76' lang='lat' dir='ltr'><strong>ratis</strong></span> 
     </span>
     <span class='ocr_line' id='line_1_3' title="bbox 235 671 1228 772; baseline -0.004 -21"><span class='ocrx_word' id='word_1_16' title='bbox 235 689 380 751; x_wconf 73' lang='lat' dir='ltr'><strong>ornem</strong></span> <span class='ocrx_word' id='word_1_17' title='bbox 403 676 533 747; x_wconf 80' lang='lat' dir='ltr'><strong>verrire.</strong></span> <span class='ocrx_word' id='word_1_18' title='bbox 556 671 808 772; x_wconf 73' lang='lat' dir='ltr'><strong>Sedetbaec,</strong></span> <span class='ocrx_word' id='word_1_19' title='bbox 831 687 869 746; x_wconf 86' lang='lat' dir='ltr'><strong>et</strong></span> <span class='ocrx_word' id='word_1_20' title='bbox 892 672 1002 746; x_wconf 75' lang='lat' dir='ltr'><strong>multa</strong></span> <span class='ocrx_word' id='word_1_21' title='bbox 1026 673 1228 747; x_wconf 70' lang='lat' dir='ltr'><strong>:lineorum</strong></span> 
     </span>
     <span class='ocr_line' id='line_1_4' title="bbox 235 799 1231 906; baseline -0.005 -29"><span class='ocrx_word' id='word_1_22' title='bbox 235 804 359 906; x_wconf 87' lang='lat' dir='ltr'><strong>cupio,</strong></span> <span class='ocrx_word' id='word_1_23' title='bbox 382 799 491 902; x_wconf 86' lang='lat' dir='ltr'><strong>idque</strong></span> <span class='ocrx_word' id='word_1_24' title='bbox 514 827 621 902; x_wconf 78' lang='lat' dir='ltr'><strong>quern</strong></span> <span class='ocrx_word' id='word_1_25' title='bbox 644 801 808 900; x_wconf 86' lang='lat' dir='ltr'><strong>primurn</strong></span> <span class='ocrx_word' id='word_1_26' title='bbox 830 800 886 874; x_wconf 84' lang='lat' dir='ltr'><strong>Ile</strong></span> <span class='ocrx_word' id='word_1_27' title='bbox 908 801 1038 873; x_wconf 79' lang='lat' dir='ltr'><strong>rororis</strong></span> <span class='ocrx_word' id='word_1_28' title='bbox 1053 813 1136 873; x_wconf 77' lang='lat' dir='ltr'><strong>tuae</strong></span> <span class='ocrx_word' id='word_1_29' title='bbox 1151 799 1231 872; x_wconf 73' lang='lat' dir='ltr'><strong>filiis</strong></span> 
     </span>
     <span class='ocr_line' id='line_1_5' title="bbox 234 925 1230 1029; baseline -0.004 -26"><span class='ocrx_word' id='word_1_30' title='bbox 234 953 310 1003; x_wconf 90' lang='lat' dir='ltr'><strong>non</strong></span> <span class='ocrx_word' id='word_1_31' title='bbox 340 927 560 1029; x_wconf 70' lang='lat' dir='ltr'><strong>exspectavi,</strong></span> <span class='ocrx_word' id='word_1_32' title='bbox 589 928 716 1027; x_wconf 84' lang='lat' dir='ltr'><strong>Brute,</strong></span> <span class='ocrx_word' id='word_1_33' title='bbox 746 925 833 999; x_wconf 88' lang='lat' dir='ltr'><strong>dnm</strong></span> <span class='ocrx_word' id='word_1_34' title='bbox 863 925 1042 1000; x_wconf 66' lang='lat' dir='ltr'><strong>scriberet</strong></span> <span class='ocrx_word' id='word_1_35' title='bbox 1074 927 1230 1000; x_wconf 88' lang='lat' dir='ltr'><strong>Omnino</strong></span> 
     </span>
     <span class='ocr_line' id='line_1_6' title="bbox 233 1050 1229 1155; baseline -0.004 -27"><span class='ocrx_word' id='word_1_36' title='bbox 233 1055 305 1128; x_wconf 76' lang='lat' dir='ltr'><strong>iarn</strong></span> <span class='ocrx_word' id='word_1_37' title='bbox 323 1068 484 1155; x_wconf 85' lang='lat' dir='ltr'><strong>tempora</strong></span> <span class='ocrx_word' id='word_1_38' title='bbox 508 1050 658 1141; x_wconf 89' lang='lat' dir='ltr'><strong>(bellum</strong></span> <span class='ocrx_word' id='word_1_39' title='bbox 675 1055 771 1126; x_wconf 89' lang='lat' dir='ltr'><strong>euim</strong></span> <span class='ocrx_word' id='word_1_40' title='bbox 786 1052 952 1142; x_wconf 76' lang='lat' dir='ltr'>ducetur)</span> <span class='ocrx_word' id='word_1_41' title='bbox 976 1054 1149 1152; x_wconf 79' lang='lat' dir='ltr'><strong>integrum</strong></span> <span class='ocrx_word' id='word_1_42' title='bbox 1165 1052 1229 1125; x_wconf 86' lang='lat' dir='ltr'><strong>tibi</strong></span> 
     </span>
     <span class='ocr_line' id='line_1_7' title="bbox 235 1178 1230 1280; baseline -0.004 -25"><span class='ocrx_word' id='word_1_43' title='bbox 235 1206 377 1255; x_wconf 78' lang='lat' dir='ltr'><strong>censam</strong></span> <span class='ocrx_word' id='word_1_44' title='bbox 392 1194 581 1254; x_wconf 76' lang='lat' dir='ltr'><strong>reservant</strong></span> <span class='ocrx_word' id='word_1_45' title='bbox 606 1179 677 1252; x_wconf 83' lang='lat' dir='ltr'><strong>Sed</strong></span> <span class='ocrx_word' id='word_1_46' title='bbox 700 1205 768 1278; x_wconf 80' lang='lat' dir='ltr'><strong>ego</strong></span> <span class='ocrx_word' id='word_1_47' title='bbox 792 1205 813 1251; x_wconf 79' lang='lat' dir='ltr'><strong>e</strong></span> <span class='ocrx_word' id='word_1_48' title='bbox 836 1179 1028 1279; x_wconf 84' lang='lat' dir='ltr'><strong>principio,</strong></span> <span class='ocrx_word' id='word_1_49' title='bbox 1051 1207 1161 1280; x_wconf 88' lang='lat' dir='ltr'><strong>quum</strong></span> <span class='ocrx_word' id='word_1_50' title='bbox 1179 1178 1230 1251; x_wconf 90' lang='lat' dir='ltr'><strong>di·</strong></span> 
     </span>
     <span class='ocr_line' id='line_1_8' title="bbox 235 1305 1230 1406; baseline -0.005 -25"><span class='ocrx_word' id='word_1_51' title='bbox 235 1308 357 1381; x_wconf 74' lang='lat' dir='ltr'><strong>vinare</strong></span> <span class='ocrx_word' id='word_1_52' title='bbox 381 1306 427 1379; x_wconf 88' lang='lat' dir='ltr'><strong>de</strong></span> <span class='ocrx_word' id='word_1_53' title='bbox 450 1305 533 1378; x_wconf 87' lang='lat' dir='ltr'><strong>belli</strong></span> <span class='ocrx_word' id='word_1_54' title='bbox 558 1305 787 1379; x_wconf 72' lang='lat' dir='ltr'><strong>diuturnitate</strong></span> <span class='ocrx_word' id='word_1_55' title='bbox 811 1331 884 1378; x_wconf 95' lang='lat' dir='ltr'><strong>non</strong></span> <span class='ocrx_word' id='word_1_56' title='bbox 906 1331 1063 1406; x_wconf 80' lang='lat' dir='ltr'><strong>poooenr,</strong></span> <span class='ocrx_word' id='word_1_57' title='bbox 1085 1307 1135 1377; x_wconf 78' lang='lat' dir='ltr'><strong>ita</strong></span> <span class='ocrx_word' id='word_1_58' title='bbox 1151 1331 1230 1378; x_wconf 81' lang='lat' dir='ltr'><strong>cau·</strong></span> 
     </span>
     <span class='ocr_line' id='line_1_9' title="bbox 234 1430 1229 1532; baseline -0.005 -26"><span class='ocrx_word' id='word_1_59' title='bbox 234 1457 312 1506; x_wconf 78' lang='lat' dir='ltr'><strong>nam</strong></span> <span class='ocrx_word' id='word_1_60' title='bbox 335 1432 390 1530; x_wconf 86' lang='lat' dir='ltr'><strong>egi</strong></span> <span class='ocrx_word' id='word_1_61' title='bbox 406 1457 597 1532; x_wconf 89' lang='lat' dir='ltr'><strong>puerorum</strong></span> <span class='ocrx_word' id='word_1_62' title='bbox 621 1434 659 1505; x_wconf 92' lang='lat' dir='ltr'><strong>in</strong></span> <span class='ocrx_word' id='word_1_63' title='bbox 682 1446 823 1531; x_wconf 80' lang='lat' dir='ltr'><strong>senatu,</strong></span> <span class='ocrx_word' id='word_1_64' title='bbox 846 1446 888 1504; x_wconf 91' lang='lat' dir='ltr'><strong>ut</strong></span> <span class='ocrx_word' id='word_1_65' title='bbox 904 1446 939 1504; x_wconf 87' lang='lat' dir='ltr'><strong>te</strong></span> <span class='ocrx_word' id='word_1_66' title='bbox 955 1430 1108 1504; x_wconf 76' lang='lat' dir='ltr'><strong>arbitror</strong></span> <span class='ocrx_word' id='word_1_67' title='bbox 1122 1456 1143 1502; x_wconf 90' lang='lat' dir='ltr'><strong>e</strong></span> <span class='ocrx_word' id='word_1_68' title='bbox 1158 1456 1229 1502; x_wconf 79' lang='lat' dir='ltr'><strong>mn·</strong></span> 
     </span>
     <span class='ocr_line' id='line_1_10' title="bbox 234 1555 1226 1658; baseline -0.004 -26"><span class='ocrx_word' id='word_1_69' title='bbox 234 1558 298 1632; x_wconf 78' lang='lat' dir='ltr'><strong>trie</strong></span> <span class='ocrx_word' id='word_1_70' title='bbox 320 1556 430 1632; x_wconf 74' lang='lat' dir='ltr'><strong>literis</strong></span> <span class='ocrx_word' id='word_1_71' title='bbox 453 1557 609 1658; x_wconf 80' lang='lat' dir='ltr'><strong>potuisse</strong></span> <span class='ocrx_word' id='word_1_72' title='bbox 634 1584 854 1657; x_wconf 81' lang='lat' dir='ltr'><strong>cognoscere.</strong></span> <span class='ocrx_word' id='word_1_73' title='bbox 879 1557 953 1632; x_wconf 80' lang='lat' dir='ltr'><strong>Nec</strong></span> <span class='ocrx_word' id='word_1_74' title='bbox 978 1582 1064 1630; x_wconf 79' lang='lat' dir='ltr'><strong>vero</strong></span> <span class='ocrx_word' id='word_1_75' title='bbox 1087 1555 1226 1629; x_wconf 78' lang='lat' dir='ltr'><strong>ollares</strong></span> 
     </span>
     <span class='ocr_line' id='line_1_11' title="bbox 233 1680 1224 1787; baseline -0.003 -29"><span class='ocrx_word' id='word_1_76' title='bbox 233 1685 303 1758; x_wconf 83' lang='lat' dir='ltr'><strong>erit</strong></span> <span class='ocrx_word' id='word_1_77' title='bbox 325 1710 512 1787; x_wconf 81' lang='lat' dir='ltr'><strong>umquam,</strong></span> <span class='ocrx_word' id='word_1_78' title='bbox 533 1685 571 1756; x_wconf 93' lang='lat' dir='ltr'><strong>iu</strong></span> <span class='ocrx_word' id='word_1_79' title='bbox 595 1710 664 1786; x_wconf 86' lang='lat' dir='ltr'><strong>qna</strong></span> <span class='ocrx_word' id='word_1_80' title='bbox 689 1710 755 1782; x_wconf 85' lang='lat' dir='ltr'><strong>ego</strong></span> <span class='ocrx_word' id='word_1_81' title='bbox 780 1710 853 1757; x_wconf 93' lang='lat' dir='ltr'><strong>non</strong></span> <span class='ocrx_word' id='word_1_82' title='bbox 878 1683 935 1756; x_wconf 84' lang='lat' dir='ltr'><strong>vel</strong></span> <span class='ocrx_word' id='word_1_83' title='bbox 960 1685 1054 1757; x_wconf 81' lang='lat' dir='ltr'><strong>vitae</strong></span> <span class='ocrx_word' id='word_1_84' title='bbox 1071 1680 1224 1783; x_wconf 88' lang='lat' dir='ltr'><strong>periculo</strong></span> 
     </span>
     <span class='ocr_line' id='line_1_12' title="bbox 234 1807 1227 1913; baseline -0.006 -28"><span class='ocrx_word' id='word_1_85' title='bbox 234 1835 276 1885; x_wconf 79' lang='lat' dir='ltr'><strong>ea</strong></span> <span class='ocrx_word' id='word_1_86' title='bbox 300 1810 434 1910; x_wconf 84' lang='lat' dir='ltr'><strong>dicum,</strong></span> <span class='ocrx_word' id='word_1_87' title='bbox 457 1836 568 1913; x_wconf 79' lang='lat' dir='ltr'><strong>enque</strong></span> <span class='ocrx_word' id='word_1_88' title='bbox 593 1810 733 1909; x_wconf 81' lang='lat' dir='ltr'><strong>faciam,</strong></span> <span class='ocrx_word' id='word_1_89' title='bbox 759 1836 849 1913; x_wconf 84' lang='lat' dir='ltr'><strong>quae</strong></span> <span class='ocrx_word' id='word_1_90' title='bbox 873 1823 909 1883; x_wconf 86' lang='lat' dir='ltr'><strong>te</strong></span> <span class='ocrx_word' id='word_1_91' title='bbox 934 1807 1041 1908; x_wconf 80' lang='lat' dir='ltr'><strong>velle,</strong></span> <span class='ocrx_word' id='word_1_92' title='bbox 1071 1832 1227 1909; x_wconf 84' lang='lat' dir='ltr'><strong>quaeque</strong></span> 
     </span>
     <span class='ocr_line' id='line_1_13' title="bbox 233 1934 1147 2038; baseline -0.004 -27"><span class='ocrx_word' id='word_1_93' title='bbox 233 1935 282 2011; x_wconf 82' lang='lat' dir='ltr'><strong>ad</strong></span> <span class='ocrx_word' id='word_1_94' title='bbox 304 1950 341 2012; x_wconf 83' lang='lat' dir='ltr'><strong>te</strong></span> <span class='ocrx_word' id='word_1_95' title='bbox 364 1938 539 2038; x_wconf 73' lang='lat' dir='ltr'><strong>perrimae</strong></span> <span class='ocrx_word' id='word_1_96' title='bbox 563 1935 720 2012; x_wconf 88' lang='lat' dir='ltr'><strong>arbitrer.</strong></span> <span class='ocrx_word' id='word_1_97' title='bbox 745 1936 845 2010; x_wconf 74' lang='lat' dir='ltr'><strong>Vale.</strong></span> <span class='ocrx_word' id='word_1_98' title='bbox 871 1935 924 2009; x_wconf 80' lang='lat' dir='ltr'><strong>vl</strong></span> <span class='ocrx_word' id='word_1_99' title='bbox 948 1934 1028 2009; x_wconf 83' lang='lat' dir='ltr'><strong>Kal</strong></span> <span class='ocrx_word' id='word_1_100' title='bbox 1053 1934 1147 2008; x_wconf 80' lang='lat' dir='ltr'><strong>Sext</strong></span> 
     </span>
    </p>
   </div>
   <div class='ocr_carea' id='block_1_2' title="bbox 232 2317 1225 2571">
    <p class='ocr_par' dir='ltr' id='par_1_2' title="bbox 232 2317 1225 2571">
     <span class='ocr_line' id='line_1_14' title="bbox 661 2317 1204 2417; baseline -0.002 -16"><span class='ocrx_word' id='word_1_101' title='bbox 661 2317 800 2390; x_wconf 69' lang='lat' dir='ltr'><strong>XXVl</strong></span> <span class='ocrx_word' id='word_1_102' title='bbox 974 2357 1027 2417; x_wconf 78' lang='grc' dir='ltr'><strong>(ιι</strong></span> <span class='ocrx_word' id='word_1_103' title='bbox 1039 2357 1103 2402; x_wconf 68' lang='lat' dir='ltr'><strong>nno</strong></span> <span class='ocrx_word' id='word_1_104' title='bbox 1119 2355 1156 2414; x_wconf 89' lang='grc' dir='ltr'><strong>ιι,</strong></span> <span class='ocrx_word' id='word_1_105' title='bbox 1170 2355 1204 2410; x_wconf 80' lang='grc' dir='ltr'><strong>ι)</strong></span> 
     </span>
     <span class='ocr_line' id='line_1_15' title="bbox 232 2489 1225 2571; baseline 0 -22"><span class='ocrx_word' id='word_1_106' title='bbox 232 2489 454 2571; x_wconf 61' lang='lat' dir='ltr'><strong>Argumentum</strong></span> <span class='ocrx_word' id='word_1_107' title='bbox 473 2491 582 2553; x_wconf 80' lang='lat' dir='ltr'><strong>Gravis</strong></span> <span class='ocrx_word' id='word_1_108' title='bbox 601 2502 633 2552; x_wconf 92' lang='lat' dir='ltr'><strong>et</strong></span> <span class='ocrx_word' id='word_1_109' title='bbox 652 2491 813 2555; x_wconf 82' lang='lat' dir='ltr'><strong>vehemens</strong></span> <span class='ocrx_word' id='word_1_110' title='bbox 830 2494 978 2555; x_wconf 78' lang='lat' dir='ltr'><strong>invective</strong></span> <span class='ocrx_word' id='word_1_111' title='bbox 998 2495 1029 2552; x_wconf 94' lang='lat' dir='ltr'><strong>in</strong></span> <span class='ocrx_word' id='word_1_112' title='bbox 1050 2491 1225 2559; x_wconf 79' lang='lat' dir='ltr'><strong>Octavium,</strong></span> 
     </span>
    </p>
   </div>
   <div class='ocr_carea' id='block_1_3' title="bbox 271 2598 1225 2787">
    <p class='ocr_par' dir='ltr' id='par_1_3' title="bbox 271 2598 1225 2787">
     <span class='ocr_line' id='line_1_16' title="bbox 274 2598 1225 2683; baseline -0.003 -26"><span class='ocrx_word' id='word_1_113' title='bbox 274 2599 342 2679; x_wconf 83' lang='lat' dir='ltr'><strong>qui,</strong></span> <span class='ocrx_word' id='word_1_114' title='bbox 361 2598 462 2660; x_wconf 70' lang='lat' dir='ltr'><strong>subito</strong></span> <span class='ocrx_word' id='word_1_115' title='bbox 476 2611 661 2659; x_wconf 83' lang='lat' dir='ltr'><strong>commutate</strong></span> <span class='ocrx_word' id='word_1_116' title='bbox 674 2602 844 2674; x_wconf 81' lang='lat' dir='ltr'><strong>voluntate,</strong></span> <span class='ocrx_word' id='word_1_117' title='bbox 861 2603 1052 2683; x_wconf 83' lang='lat' dir='ltr'><strong>optimatium</strong></span> <span class='ocrx_word' id='word_1_118' title='bbox 1067 2611 1099 2660; x_wconf 92' lang='lat' dir='ltr'><strong>et</strong></span> <span class='ocrx_word' id='word_1_119' title='bbox 1111 2607 1225 2659; x_wconf 79' lang='lat' dir='ltr'><strong>senetur</strong></span> 
     </span>
     <span class='ocr_line' id='line_1_17' title="bbox 271 2706 1117 2787; baseline 0 -22"><span class='ocrx_word' id='word_1_120' title='bbox 271 2715 373 2786; x_wconf 76' lang='lat' dir='ltr'><strong>partes</strong></span> <span class='ocrx_word' id='word_1_121' title='bbox 392 2706 575 2787; x_wconf 81' lang='lat' dir='ltr'><strong>reliquerat,</strong></span> <span class='ocrx_word' id='word_1_122' title='bbox 591 2718 621 2768; x_wconf 86' lang='lat' dir='ltr'><strong>ct</strong></span> <span class='ocrx_word' id='word_1_123' title='bbox 641 2707 731 2767; x_wconf 86' lang='lat' dir='ltr'><strong>seed</strong></span> <span class='ocrx_word' id='word_1_124' title='bbox 753 2712 917 2769; x_wconf 81' lang='lat' dir='ltr'><strong>Antonium</strong></span> <span class='ocrx_word' id='word_1_125' title='bbox 938 2706 1117 2767; x_wconf 82' lang='lat' dir='ltr'><strong>contulerat.</strong></span> 
     </span>
    </p>
   </div>
   <div class='ocr_carea' id='block_1_4' title="bbox 365 2938 1095 3008">
    <p class='ocr_par' dir='ltr' id='par_1_4' title="bbox 365 2938 1095 3008">
     <span class='ocr_line' id='line_1_18' title="bbox 365 2938 1095 3008; baseline -0.008 -16"><span class='ocrx_word' id='word_1_126' title='bbox 365 2938 419 2992; x_wconf 78' lang='lat' dir='ltr'><strong>Sor.</strong></span> <span class='ocrx_word' id='word_1_127' title='bbox 438 2940 533 2994; x_wconf 73' lang='lat' dir='ltr'><strong>Romae</strong></span> <span class='ocrx_word' id='word_1_128' title='bbox 550 2943 580 2996; x_wconf 78' lang='grc' dir='ltr'><strong>Δ.</strong></span> <span class='ocrx_word' id='word_1_129' title='bbox 598 2940 631 2993; x_wconf 88' lang='lat' dir='ltr'><strong>V.</strong></span> <span class='ocrx_word' id='word_1_130' title='bbox 649 2941 679 2996; x_wconf 78' lang='lat' dir='ltr'><strong>C.</strong></span> <span class='ocrx_word' id='word_1_131' title='bbox 696 2941 802 3008; x_wconf 80' lang='lat' dir='ltr'>DCCX,</span> <span class='ocrx_word' id='word_1_132' title='bbox 819 2949 879 2993; x_wconf 81' lang='lat' dir='ltr'><strong>unte</strong></span> <span class='ocrx_word' id='word_1_133' title='bbox 897 2940 937 2993; x_wconf 83' lang='lat' dir='ltr'><strong>lrl.</strong></span> <span class='ocrx_word' id='word_1_134' title='bbox 955 2939 1095 3008; x_wconf 72' lang='lat' dir='ltr'><strong>Quintiles.</strong></span> 
     </span>
    </p>
   </div>
   <div class='ocr_carea' id='block_1_5' title="bbox 530 3139 935 3206">
    <p class='ocr_par' dir='ltr' id='par_1_5' title="bbox 530 3139 935 3206">
     <span class='ocr_line' id='line_1_19' title="bbox 530 3139 935 3206; baseline -0.002 -3"><span class='ocrx_word' id='word_1_135' title='bbox 530 3139 673 3206; x_wconf 83' lang='lat' dir='ltr'><strong>CICERO</strong></span> <span class='ocrx_word' id='word_1_136' title='bbox 702 3140 880 3206; x_wconf 74' lang='lat' dir='ltr'>OCTAVIO</span> <span class='ocrx_word' id='word_1_137' title='bbox 905 3139 935 3202; x_wconf 92' lang='lat' dir='ltr'><strong>S.</strong></span> 
     </span>
    </p>
   </div>
   <div class='ocr_carea' id='block_1_6' title="bbox 230 3321 1228 4056">
    <p class='ocr_par' dir='ltr' id='par_1_6' title="bbox 230 3321 1228 4056">
     <span class='ocr_line' id='line_1_20' title="bbox 281 3321 1228 3428; baseline -0.002 -33"><span class='ocrx_word' id='word_1_138' title='bbox 281 3321 318 3396; x_wconf 90' lang='lat' dir='ltr'><strong>si</strong></span> <span class='ocrx_word' id='word_1_139' title='bbox 342 3349 407 3425; x_wconf 86' lang='lat' dir='ltr'><strong>per</strong></span> <span class='ocrx_word' id='word_1_140' title='bbox 431 3341 508 3402; x_wconf 80' lang='lat' dir='ltr'><strong>tuas</strong></span> <span class='ocrx_word' id='word_1_141' title='bbox 534 3326 686 3428; x_wconf 83' lang='lat' dir='ltr'><strong>legiones</strong></span> <span class='ocrx_word' id='word_1_142' title='bbox 711 3329 798 3402; x_wconf 89' lang='lat' dir='ltr'><strong>mihi</strong></span> <span class='ocrx_word' id='word_1_143' title='bbox 822 3327 957 3399; x_wconf 89' lang='lat' dir='ltr'><strong>licitum</strong></span> <span class='ocrx_word' id='word_1_144' title='bbox 981 3323 1115 3421; x_wconf 84' lang='lat' dir='ltr'><strong>fuisset,</strong></span> <span class='ocrx_word' id='word_1_145' title='bbox 1139 3346 1228 3425; x_wconf 88' lang='lat' dir='ltr'><strong>quae</strong></span> 
     </span>
     <span class='ocr_line' id='line_1_21' title="bbox 232 3449 1228 3556; baseline -0.002 -35"><span class='ocrx_word' id='word_1_146' title='bbox 232 3451 368 3523; x_wconf 90' lang='lat' dir='ltr'><strong>nomini</strong></span> <span class='ocrx_word' id='word_1_147' title='bbox 391 3478 472 3526; x_wconf 90' lang='lat' dir='ltr'><strong>meo</strong></span> <span class='ocrx_word' id='word_1_148' title='bbox 496 3453 700 3556; x_wconf 90' lang='lat' dir='ltr'><strong>populoque</strong></span> <span class='ocrx_word' id='word_1_149' title='bbox 729 3456 888 3528; x_wconf 83' lang='lat' dir='ltr'><strong>Romano</strong></span> <span class='ocrx_word' id='word_1_150' title='bbox 919 3463 1001 3524; x_wconf 84' lang='lat' dir='ltr'><strong>sunt</strong></span> <span class='ocrx_word' id='word_1_151' title='bbox 1032 3449 1228 3522; x_wconf 86' lang='lat' dir='ltr'><strong>inimicissi-</strong></span> 
     </span>
     <span class='ocr_line' id='line_1_22' title="bbox 230 3570 1225 3679; baseline -0.003 -34"><span class='ocrx_word' id='word_1_152' title='bbox 230 3578 472 3674; x_wconf 81' lang='lat' dir='ltr'><strong>mee,venire</strong></span> <span class='ocrx_word' id='word_1_153' title='bbox 497 3579 736 3677; x_wconf 74' lang='lat' dir='ltr'><strong>incenatum,</strong></span> <span class='ocrx_word' id='word_1_154' title='bbox 765 3603 953 3679; x_wconf 82' lang='lat' dir='ltr'><strong>coramque</strong></span> <span class='ocrx_word' id='word_1_155' title='bbox 985 3576 1029 3648; x_wconf 91' lang='lat' dir='ltr'><strong>de</strong></span> <span class='ocrx_word' id='word_1_156' title='bbox 1061 3600 1098 3647; x_wconf 81' lang='lat' dir='ltr'><strong>re</strong></span> <span class='ocrx_word' id='word_1_157' title='bbox 1131 3570 1225 3673; x_wconf 90' lang='lat' dir='ltr'><strong>publ.</strong></span> 
     </span>
     <span class='ocr_line' id='line_1_23' title="bbox 230 3696 1227 3808; baseline -0.002 -37"><span class='ocrx_word' id='word_1_158' title='bbox 230 3696 430 3799; x_wconf 82' lang='lat' dir='ltr'><strong>disputare,</strong></span> <span class='ocrx_word' id='word_1_159' title='bbox 462 3701 636 3778; x_wconf 82' lang='lat' dir='ltr'><strong>fecissem:</strong></span> <span class='ocrx_word' id='word_1_160' title='bbox 669 3732 783 3808; x_wconf 87' lang='lat' dir='ltr'><strong>neque</strong></span> <span class='ocrx_word' id='word_1_161' title='bbox 818 3720 890 3778; x_wconf 85' lang='lat' dir='ltr'><strong>tam</strong></span> <span class='ocrx_word' id='word_1_162' title='bbox 923 3703 1094 3797; x_wconf 82' lang='lat' dir='ltr'><strong>libenter,</strong></span> <span class='ocrx_word' id='word_1_163' title='bbox 1122 3724 1227 3801; x_wconf 82' lang='lat' dir='ltr'><strong>quam</strong></span> 
     </span>
     <span class='ocr_line' id='line_1_24' title="bbox 230 3824 1228 3930; baseline 0 -35"><span class='ocrx_word' id='word_1_164' title='bbox 230 3828 437 3899; x_wconf 84' lang='lat' dir='ltr'><strong>necessario.</strong></span> <span class='ocrx_word' id='word_1_165' title='bbox 463 3828 565 3903; x_wconf 81' lang='lat' dir='ltr'><strong>Nulla</strong></span> <span class='ocrx_word' id='word_1_166' title='bbox 592 3834 685 3904; x_wconf 91' lang='lat' dir='ltr'><strong>enim</strong></span> <span class='ocrx_word' id='word_1_167' title='bbox 711 3831 882 3928; x_wconf 79' lang='lat' dir='ltr'><strong>remedia,</strong></span> <span class='ocrx_word' id='word_1_168' title='bbox 910 3855 999 3930; x_wconf 88' lang='lat' dir='ltr'><strong>quac</strong></span> <span class='ocrx_word' id='word_1_169' title='bbox 1028 3824 1228 3901; x_wconf 75' lang='lat' dir='ltr'><strong>vulneribuu</strong></span> 
     </span>
     <span class='ocr_line' id='line_1_25' title="bbox 231 3946 1228 4056; baseline 0 -36"><span class='ocrx_word' id='word_1_170' title='bbox 231 3946 458 4051; x_wconf 81' lang='lat' dir='ltr'><strong>adhibentur,</strong></span> <span class='ocrx_word' id='word_1_171' title='bbox 477 3968 547 4029; x_wconf 84' lang='lat' dir='ltr'><strong>tam</strong></span> <span class='ocrx_word' id='word_1_172' title='bbox 565 3955 696 4032; x_wconf 80' lang='lat' dir='ltr'><strong>faciunt</strong></span> <span class='ocrx_word' id='word_1_173' title='bbox 713 3956 888 4053; x_wconf 84' lang='lat' dir='ltr'><strong>dolorem,</strong></span> <span class='ocrx_word' id='word_1_174' title='bbox 914 3980 1019 4056; x_wconf 86' lang='lat' dir='ltr'><strong>quam</strong></span> <span class='ocrx_word' id='word_1_175' title='bbox 1040 3963 1228 4054; x_wconf 83' lang='lat' dir='ltr'><strong>quaesunt</strong></span> 
     </span>
    </p>
   </div>
   <div class='ocr_carea' id='block_1_7' title="bbox 0 0 1316 4830">
    <p class='ocr_par' dir='ltr' id='par_1_7' title="bbox 0 0 1316 4830">
     <span class='ocr_line' id='line_1_26' title="bbox 0 0 1316 4830; baseline 0 1"><span class='ocrx_word' id='word_1_176' title='bbox 0 0 1316 4830; x_wconf 95' lang='lat' dir='ltr'><strong> </strong></span> 
     </span>
    </p>
   </div>
  </div>
 </body>
</html>
