2624 4830
217 408 288 503 346
559 429 729 478 seurota
755 429 855 477 xxiu.
992 429 1021 473 n.
1041 428 1073 474 r.
1095 429 1122 475 c.
1142 440 1190 490 μα

661 708 801 783 XXIII.
963 748 1011 807 (aa
1027 748 1090 794 ann.
1105 750 1131 810 1,
1148 751 1194 795 «si

215 892 435 972 Argumentum.
461 909 470 948 1
495 887 654 948 lllesselnm
676 887 802 947 mirifice
827 885 946 962 laudan
967 906 1001 959 2,
1023 886 1057 959 3,
1075 887 1096 962 4
1116 896 1147 945 et
1167 907 1215 947 re-

254 997 483 1081 prehensionem
505 998 616 1055 nimiae
643 997 672 1054 in
699 992 864 1054 tribuendis
892 991 1060 1053 honoribus
1088 992 1216 1053 facilita-

255 1109 310 1177 tis,
329 1108 361 1165 in
375 1105 478 1186 poenis
492 1115 592 1162 autem
606 1100 800 1162 decernendis
815 1102 996 1172 severitatis,
1015 1110 1156 1161 accurate
1168 1099 1215 1159 di-

255 1213 318 1273 luit
339 1211 360 1268 5
379 1211 475 1293 Vrget
489 1219 643 1292 praeterea
658 1207 786 1267 reditum
809 1210 838 1267 in
861 1207 993 1277 ltaliam,
1012 1219 1041 1266 et
1055 1207 1094 1267 de
1106 1207 1214 1289 Lepidi

256 1319 356 1379 liberis
378 1316 509 1381 studium
532 1336 619 1376 snum
640 1316 809 1398 pollicetur.

373 1552 427 1605 Ser.
446 1552 540 1602 Romae
559 1553 587 1602 Α.
608 1550 638 1601 l’.
658 1551 686 1602 C.
707 1549 812 1612 DCCX,
833 1567 918 1601 mense
935 1550 1055 1618 Quintili.

536 1750 680 1812 ilict-:ltu
710 1749 841 1812 lllll'l'O
868 1750 896 1811 S.

269 1970 282 2015 ι
314 1941 498 2015 Messalam
525 1939 642 2012 habes.
668 1937 806 2030 Quibus
823 1939 928 2038 igitur
944 1938 1052 2011 literis
1071 1952 1143 2009 tam
1161 1962 1217 2011 ac-

214 2082 334 2144 curate
352 2069 493 2169 scriptis
511 2067 648 2168 assequi
666 2092 827 2166 possum,
853 2065 1013 2138 subtilius
1040 2079 1080 2138 ut
1105 2064 1216 2163 expli-

215 2222 309 2295 cem,
333 2206 422 2297 quae
448 2209 628 2292 gerantur,
653 2219 811 2295 quaeque
837 2193 908 2265 siut
933 2193 970 2263 iu
996 2217 1033 2263 re
1059 2189 1216 2290 publiea,

214 2347 320 2425 qnam
339 2321 410 2393 tibi
439 2322 469 2392 is
503 2332 674 2420 exponet,
699 2322 759 2419 qni
786 2333 822 2391 et
846 2319 979 2418 optime
1005 2318 1123 2389 omnia
1150 2343 1216 2391 uo·

213 2446 284 2546 vit,
300 2460 336 2519 et
353 2444 607 2544 elegantissime
634 2445 799 2545 expedire
817 2459 853 2516 et
871 2444 1002 2516 deferre
1021 2442 1065 2515 ad
1083 2458 1118 2515 te
1135 2457 1217 2543 pot·

214 2571 287 2646 estl
313 2573 409 2645 Cave
434 2575 528 2644 enim
553 2573 746 2668 existimes,
769 2573 877 2644 Brute
896 2580 1127 2672 (quamquam
1144 2595 1217 2642 nou

214 2712 269 2772 est
284 2724 443 2795 necesse,
460 2725 500 2771 ea
520 2724 576 2771 me
596 2698 642 2770 ad
660 2712 712 2796 te,
731 2725 819 2798 quae
839 2699 900 2770 tibi
919 2713 1002 2771 nota
1021 2713 1118 2794 sunt,
1137 2699 1219 2771 seri-

168 2876 171 2881 ·
212 2823 313 2899 bere:
339 2826 401 2898 sed
423 2839 539 2897 tamen
559 2839 692 2899 tautam
712 2827 869 2897 omnium
887 2825 1031 2898 laudum
1049 2824 1218 2897 excellen-

213 2951 300 3025 tiam
332 2977 404 3024 nou
438 2978 529 3053 queo
564 2950 703 3025 silentio
738 2954 962 3053 praeteriret,
988 2978 1073 3025 care
1099 2966 1218 3050 putes,

213 3077 406 3180 probitate,
440 3082 655 3178 constantia,
689 3107 786 3178 cura,
820 3081 938 3153 studio
973 3081 1021 3153 rei
1054 3078 1217 3178 publicae

213 3206 400 3309 quicquam
427 3206 476 3280 illi
503 3235 578 3281 esse
596 3207 724 3281 simile:
752 3223 791 3280 ut
816 3207 1031 3309 eloquentia,
1057 3232 1125 3308 qua
1151 3205 1216 3276 mi-

213 3331 369 3408 rabiliter
394 3333 546 3431 excellit,
571 3337 630 3407 vix
655 3337 691 3407 iu
717 3362 759 3408 eo
785 3335 902 3409 locum
930 3334 974 3407 ad
1000 3331 1216 3405 laudandum

212 3457 342 3534 babere
368 3460 537 3535 videatur.
561 3463 785 3565 Quamquam
812 3464 847 3534 iu
873 3462 939 3534 hac
957 3464 1051 3561 ipsa,
1076 3461 1217 3558 sapien·

215 3585 264 3658 tia
290 3585 368 3686 plus
395 3604 557 3688 apparet:
585 3591 633 3663 ita
658 3592 755 3688 gravi
772 3589 919 3686 indicio,
944 3587 1123 3686 multaque
1142 3600 1216 3658 arte

215 3737 253 3784 se
282 3715 436 3786 exercuit
471 3716 507 3787 iu
541 3717 721 3789 verissimo
757 3742 881 3814 genere
915 3713 1064 3788 dicendi.
1100 3713 1215 3782 Tanta

215 3852 331 3911 autem
365 3839 535 3914 industria
570 3857 643 3941 est,
677 3857 882 3944 tantumque
917 3842 1059 3939 evigilat
1084 3840 1119 3910 iu
1147 3853 1217 3910 stu-

214 3966 290 4066 dio,
315 3981 355 4040 ut
380 3992 451 4040 uon
478 3970 628 4042 maxima
656 3971 796 4067 iugenio
824 3969 943 4070 (quod
980 3970 1014 4040 in
1048 3993 1090 4037 en
1125 3992 1217 4036 sum·
