2624 4830
172 453 220 502 22
485 443 657 494 nvtsrou
682 439 824 492 ωπον.
947 439 978 490 A„
995 441 1031 492 v.
1047 442 1077 492 c.
1095 452 1142 504 7¹·

170 552 305 626 etiamsi
330 547 375 622 ab
404 571 447 620 eo
477 544 592 619 laesus
625 570 753 643 essem,
787 569 897 646 quum
920 556 957 616 te
984 557 1170 646 tantopere

138 643 144 656 ὑ
169 678 326 754 viderem
357 675 431 749 eins
463 698 568 747 causa
600 670 775 746 laborare:
808 697 918 774 quum
949 695 1034 746 vero
1064 685 1170 745 etex

169 804 240 881 tuis
264 800 390 900 literis,
422 811 458 875 et
482 824 525 873 cx
549 795 641 872 illius
667 797 713 872 ad
744 822 802 871 me
833 797 947 872 missis
977 796 1170 896 intelligam

168 943 205 1004 et
227 927 398 1026 iudicem,
422 951 568 1027 magnae
593 950 697 999 curae
722 924 754 998 ei
779 923 929 1001 salutem
954 949 1068 997 meam
1086 923 1169 998 liris*

167 1081 205 1133 sc
221 1072 251 1129 ²:
275 1081 349 1136 non
373 1077 519 1156 possum
543 1055 577 1126 ei
600 1078 674 1128 non
699 1053 832 1132 amicus
858 1078 949 1151 esse;
972 1078 1087 1156 neque
1113 1079 1170 1127 so-

166 1180 241 1257 lnm
257 1196 317 1258 tua
335 1180 659 1280 commendatione,
675 1204 765 1281 qnae
782 1177 879 1279 apud
895 1205 970 1279 me,
986 1193 1028 1252 nt
1045 1178 1170 1278 debet,

167 1307 262 1382 valet
292 1307 505 1408 plurimum,
536 1303 600 1380 sed
632 1306 738 1379 etiam
762 1303 946 1379 voluntate
970 1330 1012 1379 ac
1037 1303 1168 1379 iudicio

166 1456 257 1507 mco.
283 1431 378 1506 voto
402 1433 497 1507 enim
522 1419 558 1505 te
582 1433 688 1529 scire,
712 1431 762 1504 mi
780 1433 907 1531 Paete,
925 1432 1065 1505 initium
1081 1431 1168 1504 mihi

166 1557 374 1661 suspicionis
399 1571 436 1631 et
460 1558 633 1633 cantionis
651 1571 687 1632 et
705 1555 904 1656 diligentiae
929 1557 1034 1632 fuisse
1050 1557 1168 1633 literas

166 1696 245 1758 tuas
259 1689 291 1782 ³3
308 1683 433 1785 quibus
459 1684 567 1758 literis
593 1697 824 1783 congruentes
841 1683 983 1758 luerunt
1000 1683 1088 1758 aliae
1106 1708 1169 1786 po·

165 1817 240 1892 olea
257 1810 456 1885 multorum.
483 1811 575 1884 Nam
591 1824 628 1886 et
643 1810 774 1912 Aquini
791 1824 828 1884 et
843 1811 1067 1885 Fabrateriae
1085 1832 1167 1886 con*-

164 1934 242 2011 ailia
266 1951 350 2017 sunt
373 1936 489 2015 inital
507 1937 552 2013 de
576 1964 652 2038 me,
676 1963 775 2039 quae
791 1951 827 2015 te
853 1937 958 2013 video
975 1937 1166 2014 inaudisse:

164 2076 217 2159 et,
241 2063 340 2165 quasi
358 2063 573 2163 divinarent,
598 2089 704 2166 quam
730 2065 772 2137 iis
798 2064 966 2143 molestus
983 2091 1096 2139 essem
1113 2065 1166 2140 su-

164 2200 263 2260 turus
280 2190 306 2285 ⁵,
330 2189 418 2261 nihil
443 2188 539 2262 aliud
564 2204 727 2289 egerunt,
752 2191 819 2263 nisi
845 2217 900 2262 me
926 2204 967 2263 ut
992 2194 1166 2291 opprime

163 2324 251 2384 rent.
277 2311 386 2403 Quod
411 2339 476 2411 ego
494 2338 568 2386 non
584 2315 784 2413 suspicans,
808 2316 984 2389 incautior
1008 2317 1167 2416 fuissem,

161 2436 229 2511 nisi
254 2464 274 2511 a
300 2451 335 2511 te
360 2437 560 2512 admonitus
587 2465 707 2513 essem.
734 2441 974 2533 Quamobrem
996 2444 1062 2517 iste
1080 2459 1162 2518 tuus

162 2564 295 2637 amicus
320 2565 415 2665 apud
441 2592 497 2639 me
522 2591 595 2639 non
613 2581 692 2665 eget
709 2568 1017 2642 commendatione
1036 2573 1061 2642 ⁶.
1089 2570 1165 2643 Vti-

161 2713 245 2762 nam
269 2716 309 2764 ea
336 2690 475 2766 fortuna
501 2695 550 2767 rei
575 2692 739 2795 publicae
754 2696 817 2792 sit,
842 2709 883 2768 ut
907 2694 964 2766 ille
984 2722 1040 2768 rne
1059 2723 1163 2798 quarn

162 2816 396 2914 gratissimum
411 2821 525 2920 possit
541 2827 769 2920 cognoscere!
788 2821 857 2895 Sed
875 2819 963 2895 haec
981 2821 1160 2897 hactenns.

214 2968 236 3014 2
262 2942 315 3018 Te
340 2943 387 3018 ad
403 2965 534 3021 cenasv
553 2949 640 3023 itare
658 2947 806 3046 desisse,
825 2946 972 3022 moleste
988 2948 1072 3023 fero.
1090 2950 1163 3023 Ma·

160 3090 226 3164 gna
265 3070 357 3142 enim
390 3085 426 3145 te
459 3071 691 3148 delectatione
723 3087 760 3146 et
792 3073 977 3174 voluptate
1002 3077 1163 3176 privasti.

159 3190 294 3266 Deinde
321 3196 426 3272 etiam
451 3224 575 3275 vereor
600 3199 704 3290 (licet
728 3200 822 3273 enim
848 3225 970 3274 verum
1005 3201 1163 3300 dicere),

160 3342 204 3389 ne
230 3321 349 3395 nescio
382 3324 469 3425 quid
501 3326 611 3425 illud,
640 3324 738 3428 quod
770 3325 907 3400 solebas
925 3329 952 3426 ⁸,
978 3326 1162 3426 dediscas,

159 3456 195 3514 et
220 3445 427 3523 obliviscare
451 3451 591 3526 cenulas
615 3452 736 3526 facere.
762 3452 855 3527 Nam
879 3454 908 3526 si
936 3467 1025 3554 tum,
1051 3480 1161 3555 quum

79 3620 82 3627 .
159 3565 330 3670 habebas,
360 3592 447 3677 quo's
473 3579 647 3654 imitarere
663 3597 689 3678 9,
715 3603 789 3653 non
822 3579 972 3653 multum
997 3582 1160 3681 prolicie-

158 3691 240 3792 bas,
273 3699 358 3799 quid
382 3728 477 3777 nunc
503 3718 537 3778 tc
563 3706 735 3780 facturum
766 3707 910 3808 puteml
935 3707 1112 3809 Spurinna
1130 3724 1158 3758 ¹⁰

159 3821 320 3923 quidem,
352 3823 460 3929 quum
486 3834 618 3916 eirem
651 3832 963 3937 demonstrassem,
986 3851 1023 3931 et
1048 3838 1159 3910 vitam

159 3955 254 4020 taam
287 3956 501 4055 superiorem
535 3961 790 4063 exposuissem,
821 3958 987 4063 magnum
1020 3963 1158 4067 pericn-
