2624 4830
551 447 585 499 m
611 438 789 501 eeissoms
1064 420 1164 524 “1155
1280 454 1282 458 ⁴

212 570 281 614 nem
295 555 391 636 (quae
403 550 471 614 sola
483 550 591 613 vinetis
610 566 638 613 et
655 551 827 614 celebritatis
846 569 941 615 eattsa
957 548 1099 636 ptiorque
1112 553 1165 616 no'·

213 660 353 732 minatur,
381 674 500 743 eratque
526 661 579 720 sub
600 648 735 739 Hirtio),
757 671 788 721 et
807 679 909 721 omnes
934 678 1084 743 peraeque
1102 661 1165 742 dn·

213 769 283 827 tonii
304 787 415 827 caesas:
438 770 510 828 item
530 761 617 828 Hirtii
639 770 714 847 (non
726 768 821 827 sotum
834 779 989 850 quartam,
1009 765 1065 828 sed
1075 769 1165 829 etiam

211 872 375 955 mliquas):
396 885 533 956 quantem
554 890 626 935 veto
647 872 806 958 (eandem,
825 894 904 958 quae
918 876 1049 957 'supm),
1070 894 1165 959 quum

212 993 305 1041 cesten
325 995 445 1064 quoque
465 982 583 1041 Antonii
604 983 740 1067 cepisset,
762 1001 779 1041 e
800 984 900 1064 quinta
920 980 1036 1064 legione
1056 982 1166 1063 (Amo-

211 1087 319 1169 niana)
340 1090 484 1148 concisam
506 1109 577 1149 esse.
598 1086 712 1149 Eadem
733 1087 781 1149 itta
803 1086 957 1150 eetebsttm
971 1088 1164 1151 distinctiora

212 1195 373 1277 dequesta
394 1208 532 1257 rumores
548 1195 695 1257 attulerat
778 1211 781 1216 '

173 1321 212 1361 ιο
231 1300 334 1361 Lemb.
355 1313 385 1363 et
405 1305 496 1363 nostri
516 1312 608 1384 quett.
631 1304 697 1364 item
718 1300 812 1363 Hirtii
829 1314 983 1387 qtmrtam,
1001 1310 1093 1386 quum
1109 1318 1164 1364 ea·

212 1422 273 1468 stra
293 1431 322 1490 q.
343 1408 380 1468 A.
400 1408 535 1491 cepisset,
555 1407 585 1470 a.
605 1428 635 1492 q.
656 1408 675 1469 l.
697 1402 847 1471 concisum
866 1431 937 1471 esse.

173 1533 207 1574 21
231 1513 366 1595 Falsum,
387 1528 417 1577 et
436 1516 552 1577 falsitati
572 1516 671 1577 iocum
691 1517 836 1599 praebete
855 1520 969 1601 potuit,
989 1508 1072 1601 quod
1093 1516 1163 1578 serie

211 1619 255 1682 bit
281 1622 398 1690 Sveton.
418 1623 510 1705 (Aug.
537 1623 725 1707 10)‚priore
750 1624 864 1707 proelio
889 1625 1086 1686 Octavianum
1113 1622 1164 1684 fu·

211 1733 300 1812 gisse,
320 1751 355 1789 ac
368 1733 429 1791 sine
442 1730 651 1812 paludamento
669 1752 808 1813 equoque
820 1745 887 1815 post
900 1731 1026 1793 biduum
1040 1729 1162 1792 demum

211 1841 388 1919 apparuisse.

127 1938 130 1957 ¹
171 1961 208 2003 22
231 1942 408 2025 Iampridem
428 1942 578 2003 Manutius
598 1947 628 2003 in
649 1962 710 2004 uno
729 1961 789 2004 ms·
809 1945 928 2004 minime
949 1939 1059 2004 recenti
1080 1943 1162 2004 inve·

208 2053 251 2109 nit
276 2049 490 2133 EQVITVM
516 2045 600 2121 VM,
627 2050 655 2109 h.
682 2072 708 2111 e.
734 2052 862 2133 equitem
886 2049 921 2109 V
942 2070 981 2110 m.
1009 2049 1162 2132 (quinque

209 2158 325 2236 millia).
345 2158 469 2220 Vrsinus
490 2169 519 2220 et
539 2155 660 2218 Lailem.
681 2160 810 2240 equitum
828 2153 900 2234 XV,
922 2156 980 2218 hoe
1000 2167 1056 2237 est,
1076 2150 1162 2240 quim

209 2263 304 2325 decim
323 2263 422 2326 mittin.
442 2263 499 2325 Ed.
520 2265 575 2325 Ro.
597 2267 756 2347 equitatum
769 2284 806 2324 ae
820 2266 954 2345 legiones.
970 2262 1104 2326 varietas
1118 2275 1162 2324 est

209 2383 275 2432 orte
294 2392 332 2432 ex
351 2393 406 2452 eo,
427 2369 509 2454 quod
535 2392 677 2433 numerus
704 2372 812 2433 excidit
830 2375 861 2433 in
881 2373 1082 2454 antiquissimo
1106 2390 1161 2432 ms.

209 2479 376 2558 Mediceeo,
397 2489 469 2540 teste
481 2478 623 2540 Victon'n.
644 2478 714 2540 Mox
727 2480 853 2561 legiones
866 2492 1001 2541 armatas
1015 2493 1087 2559 ties,
1108 2473 1161 2538 tal-

207 2607 289 2668 sum3
303 2586 368 2668 iege
380 2607 446 2671 epp.
456 2586 648 2647 Dcccxxv
661 2598 691 2648 et
700 2587 884 2647 Deccxtu.
898 2589 979 2647 Tum
991 2587 1060 2646 msti
1070 2604 1160 2667 quam

206 2691 324 2775 plunimi
341 2694 452 2776 pupilli
466 2694 610 2775 Bagienni
614 2720 622 2765 ,·
635 2694 812 2755 Meteonem
827 2693 902 2756 tiber
915 2697 949 2756 P.
967 2688 1002 2755 V
996 2695 1097 2776 agient’
1102 2736 1112 2767 ,
1126 2696 1162 2754 ut

207 2800 287 2861 Men.
308 2812 337 2862 et
356 2800 462 2861 Lamb.
484 2793 649 2863 ediderunt.

167 2905 206 2967 23
226 2907 302 2968 Tres
322 2910 424 2989 utique
448 2907 577 2991 legiones
602 2922 701 2969 secum
725 2908 857 2970 habebat
877 2908 1035 2971 Ventidius
1055 2909 1161 2990 (epistt

204 3013 431 3096 DCCCXXV)3
451 3015 503 3076 sed
523 3035 582 3077 non
595 3017 713 3078 videtur
726 3017 896 3100 septimam,
916 3035 1075 3099 quaecum
1092 3014 1161 3074 Hir·

206 3125 248 3181 tio
269 3122 332 3182 fuit.
351 3121 477 3206 Philipp.
498 3121 580 3208 xlv,
605 3144 648 3183 ιο.
669 3124 751 3185 Vidit
770 3124 928 3184 Manutius.
951 3123 1032 3204 Ergo
1053 3133 1084 3182 et
1102 3120 1161 3181 hoc

206 3226 321 3289 fulsum.

166 3334 207 3411 24
227 3335 338 3396 Gentes
358 3346 388 3397 et
406 3337 533 3420 populos
554 3340 641 3398 etiem
663 3357 722 3398 non
743 3338 829 3398 Rem.
857 3337 982 3419 imperio
1003 3334 1159 3394 subiectos.

206 3440 275 3502 Sall.
290 3442 365 3525 Iug.'
375 3464 400 3504 e
418 3446 453 3520 ¹4
467 3465 485 3503 a
500 3445 592 3525 med,
612 3444 691 3505 idem
705 3447 768 3506 Cet.
782 3468 806 3506 c.
821 3452 869 3506 to.
895 3442 971 3504 Cott.
991 3442 1061 3501 Mox
1074 3438 1161 3498 servi-

204 3551 263 3632 tia,
283 3550 321 3610 de
342 3553 469 3611 Antonio
489 3551 562 3612 dixit
576 3555 663 3613 etiem
677 3552 802 3633 Brutus,
816 3574 888 3614 eum
899 3548 1047 3634 ergastula
1061 3545 1160 3607 solvis-

204 3675 251 3736 se,
264 3667 299 3718 ut
312 3656 418 3717 milites
430 3657 643 3740 conscriberem
664 3675 730 3741 epp.
744 3652 923 3719 DCCCXHI‘
934 3668 964 3719 et
977 3651 1159 3716 ncccxm.

205 3762 292 3823 lniiu
313 3762 400 3824 Amb.
426 3763 460 3824 ιδ
482 3765 594 3826 Parma
613 3763 738 3846 direpte.
957 3781 961 3787 “
1130 3752 1135 3773 ²

166 3867 206 3930 25
225 3870 329 3932 Lemb.
351 3892 414 3932 esse
433 3873 537 3935 volunt.

158 3973 200 4036 nd
219 3977 413 4060 Nowplenes.
433 3977 490 4060 Ep.
510 3976 686 4040 mccxnl
707 3973 785 4040 med
806 3988 943 4041 numme
958 3970 1158 4038 mmmmm
