2624 4830
244 426 340 519 arlo
574 444 745 494 arrsrou
772 445 945 493 ccccxxix.
1036 441 1068 492 s.
1085 443 1120 493 v.
1136 445 1166 492 c.
1184 455 1230 508 ,a

634 671 899 751 DCCCXXIK
986 714 1042 771 <aa
1057 714 1111 758 un.
1127 714 1176 776 xi,
1194 717 1236 774 ις)

266 855 483 934 Argrmreruum.
503 853 622 913 Laridat
641 852 775 914 officium
797 861 826 912 et
846 850 1028 932 diligentiam
1050 851 1156 926 Bruti3
1184 851 1254 912 hor

307 973 461 1044 tutorque,
482 973 515 1022 ut
536 963 594 1021 iarn
617 972 716 1020 secum
739 963 802 1041 ipse
823 969 924 1018 certet.

440 1186 494 1239 Ser.
512 1185 607 1238 Romae
625 1185 656 1239 Δ.
673 1184 706 1236 V.
724 1183 753 1236 (2
773 1183 876 1247 DCCX,
894 1175 981 1238 menae
1001 1183 1076 1234 Maio.

270 1472 285 1497 ν
345 1376 388 1439 Μ.
414 1376 449 1438 T.
474 1376 617 1442 CICERO
642 1377 680 1438 D.
703 1375 835 1438 BRVTO
860 1373 945 1439 COS.
969 1375 1056 1438 DES.
1082 1374 1111 1438 S.
1136 1374 1174 1435 D.

311 1566 389 1639 Etsi
413 1564 499 1638 mihi
524 1580 605 1664 tuae
628 1564 748 1638 literae
779 1563 1048 1638 iucundissimae
1072 1579 1176 1665 sunt,
1202 1579 1252 1638 ta·

262 1717 345 1765 men
368 1691 552 1766 iucundius
577 1691 658 1791 luit,
683 1691 841 1792 quadiu
866 1717 999 1764 summa
1018 1693 1250 1792 occupatione

262 1816 323 1892 ¹tua
345 1818 478 1893 Planco
503 1819 655 1918 collegae
679 1812 869 1918 mandasti,
893 1831 934 1890 ut
957 1832 993 1891 te
1017 1816 1102 1890 milri
1128 1844 1192 1919 per
1214 1817 1252 1890 li-

209 2005 211 2009 .
261 1959 353 2021 teras
378 1959 557 2022 excusaret
576 1963 604 2020 ¹:
630 1945 727 2048 quod
751 1946 834 2019 fecit
857 1944 915 2018 ille
941 1943 1131 2045 diligenter.
1163 1945 1250 2018 Mihi

260 2087 378 2148 autem
409 2072 497 2147 nihil
528 2071 710 2147 amabilius
741 2072 858 2147 officio
881 2087 945 2146 tuo
962 2088 978 2121 ²
1003 2085 1039 2146 et
1064 2071 1252 2172 diligentia.

259 2201 502 2288 Coniunctio³
527 2213 586 2273 tua
612 2226 694 2274 curn
724 2198 873 2298 collega,
904 2198 1163 2301 concordiaque
1195 2225 1253 2273 ve·

259 2312 348 2424 stra,
372 2351 460 2426 quac
476 2324 584 2400 literis
602 2326 845 2401 communibus
871 2325 1045 2399 declarata
1070 2339 1140 2427 est,
1164 2325 1197 2399 S.
1212 2326 1250 2399 P.

259 2441 302 2533 Q.
328 2444 366 2516 R.
392 2444 583 2543 gratissima
614 2444 749 2518 accidit.
782 2443 890 2537 Quod
922 2457 1096 2544 superest,
1128 2469 1254 2545 perge,

257 2569 307 2640 mi
322 2557 443 2668 Brute,
468 2583 504 2642 et
519 2571 589 2642 iam
605 2596 678 2644 non
704 2596 784 2643 cum
809 2570 901 2670 aliis,
925 2569 988 2644 sed
1013 2583 1129 2644 tecum
1146 2569 1250 2673 ipset

260 2708 362 2768 certa.
386 2695 491 2769 Plura
508 2696 658 2772 scribere
675 2722 748 2770 non
766 2695 896 2797 debeo,
912 2699 1119 2799 praesertim
1136 2696 1183 2769 ad
1198 2710 1250 2795 te,

259 2845 329 2921 quo
353 2822 518 2920 magistro
543 2823 756 2896 brevitatis⁵
781 2825 834 2896 uti
859 2824 984 2923 cogito.
1010 2825 1145 2897 Literas
1174 2838 1248 2896 tuas

257 2945 480 3021 vehementer
496 2961 680 3051 exspecto,
695 2963 731 3024 et
747 2948 889 3052 quidam
906 2948 1009 3045 tales,
1033 2948 1155 3051 quales
1180 2975 1248 3022 ma·

257 3072 349 3147 nme
374 3086 470 3176 opto.

635 3296 878 3380 DCCCXXX·
987 3347 1044 3405 (aa
1059 3346 1113 3392 na.
1129 3347 1165 3406 x,
1183 3345 1223 3398 n)

254 3478 471 3558 Argrimentam.
492 3483 538 3543 De
559 3483 588 3544 S.
609 3483 642 3544 C.
663 3505 720 3566 pro
741 3483 886 3566 dignitate
907 3484 1009 3545 Planci
1031 3483 1110 3544 facto
1130 3480 1246 3549 scribit,

293 3605 422 3667 eramque
442 3587 598 3663 hortatur,
620 3602 653 3652 ut
674 3593 875 3653 Antonianum
898 3590 1010 3652 bellum
1032 3588 1181 3651 conficiat.
