2624 4830
228 398 299 497 344
580 417 751 470 sersaoni
776 423 862 470 xxiia
1007 421 1037 471 s.
1054 422 1088 469 v.
1106 423 1136 470 c.
1154 432 1201 486 ,aa

226 523 321 600 Nihil
350 524 443 596 enim
475 522 561 595 mibi
593 522 799 622 iucundius,
833 520 919 596 nibil
950 519 1001 595 illi
1032 522 1226 600 honestius.

226 653 449 751 Quamquam
478 648 662 752 aliquoties
687 651 718 724 ei
745 649 969 750 scripseram,
992 650 1224 725 'sacerdotnm

227 778 388 878 comitia,
413 797 491 850 mea
516 801 651 850 summa
676 777 904 849 contentione
928 777 964 848 in
990 774 1137 850 alterum
1165 804 1226 851 aa·

200 892 208 903 ⁸
227 928 313 978 num
330 928 405 1017 eaqe
421 903 566 978 reiecta:
593 901 690 1004 quod
715 927 779 1000 ego
798 928 905 1005 quum
923 903 1104 976 Ciceronis
1122 929 1225 977 causa
1304 968 1310 982 .

229 1030 426 1130 elaboravi,
458 1044 534 1103 tum
566 1029 728 1127 Domitii,
752 1024 914 1128 Catonis,
938 1027 1095 1127 Lentuli,
1118 1028 1227 1102 Bibu-

226 1156 358 1233 lorum:
390 1156 487 1259 quod
520 1155 566 1229 ad
591 1171 626 1229 te
651 1156 757 1229 etiam
782 1156 998 1255 scripseram.
1031 1154 1101 1229 Sed
1128 1156 1226 1230 vide-

226 1283 311 1358 licet
336 1310 444 1387 quum
468 1281 565 1357 illam
589 1281 753 1384 pusillam
779 1280 965 1383 epistolam
991 1295 1089 1355 tuam
1106 1281 1153 1355 ad
1170 1309 1227 1373 me

229 1410 352 1509 dabas,
376 1410 536 1484 nondum
561 1423 637 1483 erat
661 1407 726 1482 tibi
751 1406 789 1480 id
813 1423 947 1482 notum.
979 1409 1096 1500 Quare
1129 1411 1227 1482 omni

227 1536 345 1625 studio
371 1564 392 1610 a
417 1550 472 1635 te,
502 1536 549 1608 mi
574 1538 711 1631 Brute,¹
733 1534 929 1634 contendo,
954 1549 994 1608 ut
1018 1536 1227 1609 Ciceronem

109 1732 112 1737 .
226 1689 344 1738 meum
361 1690 404 1736 ne
423 1662 587 1762 dimittas,
605 1676 789 1763 tecumque
803 1661 970 1735 deducas:
991 1660 1230 1764 quodipsum,

228 1791 259 1864 si
283 1815 358 1863 rem
383 1787 580 1890 publicam,
604 1789 660 1861 cui
685 1799 869 1888 susceptus
894 1767 950 1886 es,
974 1789 1138 1888 respicis,
1164 1786 1227 1861 tibi

227 1917 297 1990 ianr
323 1916 461 2019 iamque
487 1915 683 1988 laciendum
705 1930 768 1988 est.
795 1916 966 1988 Renatum
986 1914 1078 1987 enim
1096 1913 1228 1987 bellum

229 2057 299 2118 esta
315 2043 422 2145 idque
440 2068 512 2117 non
530 2068 641 2142 parvo
659 2041 787 2115 scelere
804 2041 940 2141 Lepidi.
965 2041 1150 2114 Exercitus
1168 2067 1228 2113 au·

228 2184 300 2244 tem
326 2172 497 2270 Caesaris,
523 2172 582 2273 qui
609 2182 683 2243 erat
708 2170 877 2268 optimus,
902 2193 976 2266 non
1002 2167 1112 2240 modo
1137 2165 1230 2239 nibil

227 2295 391 2398 prodest,
416 2297 479 2368 sed
505 2298 609 2371 etiam
635 2297 730 2394 cogit
755 2296 945 2368 exercitum
972 2307 1071 2366 tuum
1097 2292 1229 2392 flagita·

227 2425 274 2497 ri:
301 2423 360 2525 qui
386 2422 415 2495 si
438 2421 575 2495 Italiam
593 2412 763 2520 attigerit,
788 2415 854 2494 erit
871 2418 957 2494 civis
973 2444 1078 2493 nemo
1104 2430 1229 2522 (quem

228 2547 371 2650 quidem
406 2550 518 2621 civem
553 2546 722 2648 appellari
755 2547 806 2620 fas
838 2549 923 2646 sit),
946 2548 1005 2649 qui
1031 2569 1068 2619 se
1093 2571 1167 2619 non
1191 2544 1229 2618 in

227 2689 288 2747 tua
315 2689 427 2748 castra
455 2674 619 2748 conferat.
651 2671 731 2748 Etsi
762 2676 910 2747 Brutum
944 2672 1123 2774 praeclare
1148 2696 1230 2746 curu

226 2798 361 2875 Planco
388 2801 616 2873 coniunctum
648 2798 827 2873 babemus.
863 2800 933 2873 Sed
966 2824 1039 2873 uon
1072 2801 1230 2899 ignoras,

229 2953 334 3028 quam
360 2929 430 3001 sint
454 2928 577 3000 incerti
604 2929 710 3001 animi
727 2927 927 3024 hominum,
954 2941 989 2999 et
1015 2924 1135 2998 infecti
1152 2952 1230 3025 par·

228 3053 339 3155 tibus,
372 3068 408 3127 et
440 3055 552 3129 exitus
586 3055 807 3157 proeliorum.
845 3056 940 3148 Quin
966 3055 1090 3152 etiam,
1115 3052 1162 3150 si,
1192 3065 1232 3124 ut

227 3208 346 3281 spero,
374 3183 573 3282 vicerimus,
604 3198 722 3257 tamen
747 3210 909 3282 magnam
942 3180 1231 3280 gubernationem

227 3309 280 3381 tui
317 3309 451 3384 consilii
486 3325 635 3413 tuaeque
669 3311 888 3385 auctoritatis
919 3336 974 3382 res
1008 3305 1231 3380 desiderabit.

226 3434 381 3509 Subveni
415 3439 536 3538 igitur,
567 3465 630 3539 per
663 3441 779 3537 Deos,
811 3438 916 3539 idque
951 3436 1232 3538 quamprimum,

227 3561 360 3664 tibique
390 3564 578 3663 persuade,
609 3591 683 3638 non
709 3581 743 3638 te
770 3565 891 3639 ldibus
926 3564 1079 3660 Martiis,
1106 3560 1232 3662 quibus

226 3693 430 3763 servitutem
453 3719 471 3764 a
491 3694 560 3764 tuis
586 3693 721 3766 civibus
748 3691 929 3792 depulisti,
956 3688 1034 3790 plus
1061 3686 1232 3788 profuisse

227 3821 380 3917 patriae,
406 3847 525 3919 quam,
551 3822 577 3895 si
605 3838 740 3897 maturc
768 3823 923 3917 veneris,
949 3821 1179 3921 profuturum.
1198 3818 1233 3890 Il
1284 3798 1289 3808 .

227 3944 311 4018 ldus
338 3947 457 4039 Quint.
