2624 4830
248 407 320 480 386
593 425 763 475 neronom
790 427 885 473 xxvi.
1024 422 1154 473 nnc.
1173 438 1219 486 710

246 530 434 603 Iunonium
453 551 617 628 puerum,
642 542 678 601 et
703 534 822 601 matris
843 539 922 601 tuae
939 539 1080 631 partum
1101 552 1242 600 aureum

245 680 321 730 eune
357 655 438 728 dixi.
467 643 516 728 At
547 668 583 728 te
615 652 684 727 sata
724 653 857 754 patriae
893 651 1056 726 Paridem
1089 652 1244 727 futurum

245 779 514 882 praedicabant,
546 781 607 882 qui
632 793 788 854 vastares
813 779 936 853 urbem
960 779 1146 878 incendio,
1174 782 1244 853 Ita·

244 904 328 979 liam
343 905 456 1004 bello,
481 905 542 1007 qui
559 919 673 980 eastra
697 906 735 978 in
760 904 899 1005 templis
923 904 1079 978 Deorum
1104 906 1246 978 immor·

246 1029 761 1130 talium,senatumincast1is
786 1030 969 1105 habiturus
994 1055 1097 1104 esses.
1123 1032 1156 1104 0
1182 1032 1244 1103 mi·

237 1183 376 1256 Μαι,
408 1160 506 1232 etin
530 1157 628 1232 brevi
662 1172 734 1231 tam
768 1156 917 1232 celerem
943 1170 1076 1229 ettam
1110 1158 1243 1230 variam

164 1358 168 1366 ,
237 1284 294 1362 ‚rei
320 1282 481 1384 publicae
507 1265 835 1358 commutationem!
865 1283 1038 1374 Quisnam
1063 1283 1125 1356 tali
1150 1283 1245 1356 sutu-

245 1435 303 1482 rus
327 1410 467 1508 ingenio
492 1423 563 1508 eat,
595 1411 654 1511 qui
684 1411 797 1511 possit
822 1410 909 1482 haec
933 1410 982 1482 ita
1008 1407 1176 1481 mandare
1202 1408 1244 1480 li·

244 1535 345 1634 teris,
367 1549 408 1608 ut
424 1534 531 1633 sacta,
555 1562 628 1609 non
645 1539 726 1610 fieta
744 1536 932 1609 videantur
950 1535 1047 1609 esse?
1072 1535 1162 1628 Quis
1179 1536 1244 1608 erit

244 1672 341 1734 tanta
367 1663 472 1734 animi
498 1661 678 1762 facilitate,
704 1664 780 1764 qui,
805 1687 895 1764 quae
912 1662 1094 1759 verissime
1112 1686 1243 1735 memo-

244 1788 295 1861 ria
320 1802 515 1888 propagata
540 1788 686 1888 suerint,
709 1813 783 1861 non
808 1787 945 1861 fabulae
970 1785 1093 1861 similia
1111 1788 1158 1860 sit
1175 1789 1244 1860 exi·

234 1914 467 2002 ,stimnturusi
500 1914 623 2013 Cogita
648 1915 743 1987 enim
768 1915 962 1987 Antonium
987 1911 1127 1986 hostem
1151 1913 1243 1985 iudi-

244 2053 380 2140 catum,
396 2041 440 2114 ab
459 2067 501 2114 eo
522 2042 786 2115 circumsessum
803 2039 984 2114 consulem
1006 2040 1245 2139 designatum,

244 2168 464 2269 eundemque
491 2167 540 2241 rei
565 2167 725 2268 publicae
755 2180 954 2268 parentem:
987 2181 1021 2240 te
1045 2165 1244 2267 profectum
1290 2148 1300 2175 ⁸

243 2292 290 2364 ad
308 2292 486 2367 consulem
505 2293 723 2368 liberandum
741 2307 777 2367 et
796 2294 935 2368 hostem
953 2292 1244 2394 opprimendum,

243 2418 449 2520 hostemque
475 2447 494 2493 a
520 2434 556 2494 te
580 2421 756 2522 fugatum,
788 2435 825 2495 et
849 2420 1028 2496 consulem
1054 2419 1241 2494 obsidione

242 2544 443 2619 liberatum:
470 2545 598 2619 deinde
623 2547 741 2647 paullo
767 2565 851 2649 post
874 2548 1030 2647 fugatum
1054 2545 1153 2619 illum
1178 2546 1244 2619 ho-

242 2686 329 2746 stem
357 2674 578 2773 arcessitum,
601 2688 778 2776 tamquam
806 2674 1014 2749 coheredem
1039 2687 1178 2746 mortua
1201 2699 1239 2744 re

242 2800 380 2898 publiea
400 2801 447 2873 ad
463 2801 555 2874 bona
583 2803 703 2902 populi
730 2804 878 2875 Romani
905 2800 1093 2901 capienda;
1111 2826 1239 2872 consu·

240 2927 309 3001 lem
337 2929 555 3028 designatum
580 2957 716 3004 rursum
742 2929 913 3002 inclusum
940 2955 1000 3027 eo,
1025 2927 1084 2999 ubi
1111 2952 1240 2999 senon

241 3057 440 3156 moenibus,
472 3057 535 3131 aed
566 3055 767 3130 fluminibus
800 3071 835 3129 et
861 3055 1039 3128 montibus
1073 3068 1239 3125 tueretur.

240 3184 337 3258 Haec
355 3186 432 3285 quis
450 3184 635 3257 conabitur
652 3182 848 3283 exponere?
874 3183 950 3283 quis
976 3178 1116 3254 credere
1135 3177 1239 3250 aude-

239 3310 313 3385 bit?
339 3311 441 3385 liceat
458 3310 565 3385 semel
582 3312 727 3410 impune
745 3334 926 3409 peccasse:
952 3309 998 3379 sit
1018 3305 1146 3377 erranti
1164 3329 1240 3375 me·

229 3436 353 3531 diuina
380 3439 560 3512 confessio.
586 3437 720 3510 Verum
752 3437 844 3507 enim
879 3435 1002 3506 dicam.
1029 3432 1175 3503 Vtinam
1202 3443 1238 3500 te

231 3568 372 3665 potius,
388 3567 538 3663 Antoni,
556 3564 735 3661 dominum
754 3588 825 3635 uon
845 3560 1112 3659 expulissemus‚
1130 3582 1237 3657 quam

238 3690 332 3762 hunc
357 3694 606 3790 reciperemus!
631 3716 704 3763 non
723 3689 817 3790 quod
836 3686 904 3758 ulla
924 3689 969 3758 sit
986 3683 1144 3783 optanda
1162 3708 1236 3753 ser·

239 3818 347 3914 vitus,
373 3818 433 3888 sed
461 3820 539 3918 quia
567 3817 736 3915 dignitate
762 3814 894 3887 domiui
922 3813 1035 3884 minus
1053 3809 1164 3907 turpis
1183 3821 1237 3878 est

240 3944 377 4018 fortuna
404 3947 569 4018 servilii
596 3943 733 4016 duobus
760 3955 874 4013 autem
909 3938 1008 4010 malis
1042 3961 1148 4036 quum
1181 3933 1236 4003 su-
