2624 4830
437 398 722 449 oniscomrsnvs
1007 379 1080 455 623

145 502 230 553 virum
247 500 353 553 doctum
370 499 403 553 ab
419 519 509 555 errore
524 514 662 568 seruare,
680 501 752 573 quod
769 511 795 554 et
810 503 846 555 ibi
861 505 1022 569 monuimue3
1039 507 1061 558 si

146 584 273 635 foeminae
290 583 410 650 luissent,
428 583 593 654 Eumolpides
610 585 749 637 dicendum
767 584 859 652 luisse,
884 603 937 638 non
955 584 1062 640 Eumol·

145 666 231 736 pidae.
249 665 309 718 Ern.
427 702 431 710 ·

97 747 221 815 Εὐπινὲς,
232 761 376 812 venustum,
385 746 507 813 numm.
516 748 628 815 cltum,
642 747 659 816 4
671 751 737 811 (An.
745 749 801 814 ΧΗ,
813 750 857 812 6).
872 749 966 802 Forma
980 767 1060 820 quae·

146 831 205 883 dam
224 832 358 897 orationis,
376 848 443 902 quae
454 838 481 884 et
494 833 576 898 nisae,
588 839 615 883 et
627 848 641 883 ο
654 832 767 899 Longino
781 833 850 884 Sect.
862 832 928 886 XXX
940 831 1060 886 ιὺπὶνιιοι

146 921 253 965 vocatur
270 919 348 976 (uam
366 914 402 964 ita
419 912 554 982 legendum
573 931 642 980 esse,
661 914 723 966 mihi
741 930 793 965 nou
811 913 920 965 dubium
940 914 1059 981 videtur,

146 996 193 1046 etsi
209 995 309 1047 Tollius
326 997 419 1048 retinet
436 994 610 1066 οαφῆιιιιιν).
631 996 741 1066 Proprie
762 993 866 1055 ιὺπινές
884 1003 912 1049 et
923 993 1061 1063 cinisem,

145 1079 207 1129 item
225 1080 298 1136 πῖνος
316 1086 355 1131 eet
378 1078 602 1149 palaestritam,
627 1080 672 1149 qui
690 1080 767 1147 oleo,
796 1096 849 1149 quo
875 1080 935 1146 ungi
961 1079 1060 1145 solent,

145 1159 254 1211 nitidum
272 1177 366 1229 corpus
383 1160 431 1213 eibi
449 1160 580 1213 efficiunt:
598 1159 693 1213 deinde
711 1161 743 1213 ad
760 1162 822 1212 alias
840 1178 881 1214 rea
899 1162 1058 1227 traducitur,

147 1249 176 1290 ut
193 1240 298 1314 nttupol
318 1239 407 1312 λίθοι,
424 1242 537 1314 lapides,
555 1243 603 1312 qni
619 1244 687 1295 caesi
704 1255 728 1293 et
742 1243 819 1312 politi
835 1255 904 1295 suist.
923 1242 965 1294 Sic
982 1242 1061 1295 etiam

145 1326 218 1383 πῖνος
235 1325 358 1377 orationis
374 1333 402 1377 et
418 1323 522 1385 ιύπινις
540 1327 624 1391 οἰῑοι,
643 1326 787 1393 elegantia,
811 1332 930 1377 venustas
955 1332 1002 1377 eet.
1022 1324 1060 1376 De

145 1407 184 1458 his
201 1409 285 1460 verbis
302 1408 361 1460 vide
378 1408 484 1459 Salmas.
510 1406 544 1459 ad
561 1407 643 1460 Soliti,
661 1425 686 1478 p.
706 1424 741 1460 m.
763 1407 826 1474 sia,
851 1416 879 1459 et
900 1406 987 1460 multis
1004 1406 1060 1460 aliis

146 1490 223 1554 locis,
242 1490 387 1541 Victoriam
406 1490 438 1542 ad
455 1490 473 1541 l.
492 1507 532 1556 c.,
551 1489 684 1541 Petreium
704 1490 736 1541 ad
755 1490 897 1558 longinum
916 1489 933 1540 l.
952 1507 974 1541 c.
992 1489 1060 1540 Em.
1098 1495 1100 1499 '

98 1569 234 1639 Εὐπινῶς,
250 1582 365 1635 venuste,
382 1569 477 1635 nitide,
496 1571 630 1641 elegrurter.
650 1571 822 1623 nccxxvlss
841 1572 911 1636 (tte
924 1570 980 1638 XV,
1002 1575 1060 1638 17).

97 1649 244 1719 Εὖιιιστος,
268 1652 344 1706 homo
366 1653 602 1724 exploratae‘fidei,
625 1655 669 1707 eui
692 1665 745 1706 tuto
762 1653 937 1722 credipotest.
957 1652 1062 1704 coxv1

146 1736 217 1796 (Att.
235 1735 282 1800 XI,
301 1736 359 1798 25).
378 1735 429 1788 Sed
446 1736 511 1787 hacc
528 1743 568 1788 est
583 1738 712 1789 correctio
730 1736 798 1788 Bosii
816 1743 922 1807 ¹recepta
946 1736 973 1787 in
991 1735 1059 1803 vulg.

145 1816 309 1871 editionibus.
327 1817 389 1869 Vid.
407 1824 461 1868 not.
481 1835 506 1886 7·

96 1895 211 1950 Εὔπολιν
228 1892 275 1950 τὸν
291 1903 339 1959 τῆς
356 1897 490 1971 ἀρχαίοις,
514 1898 635 1968 Eupolim
653 1898 741 1962 illisas,
764 1899 869 1962 veteris,
890 1897 943 1950 scil.
961 1912 1059 1950 cotnoe·

144 1980 202 2033 diae
215 1986 323 2050 pai'tam.
341 1980 437 2050 CCLil,
449 1981 477 2048 14
489 1982 554 2043 (att.
568 1979 615 2047 vt,
630 1986 669 2045 ι).
687 1980 722 2033 De
734 1980 898 2032 distinctione
909 1979 1059 2031 comoediae

144 2066 171 2114 in
188 2072 314 2129 veterem,
332 2064 442 2116 mediam
460 2071 487 2115 et
503 2079 596 2113 novam
615 2070 723 2130 egerunt
740 2063 880 2132 scriptores
898 2059 930 2113 de
949 2079 977 2112 re
995 2059 1058 2114 Poi-

145 2146 212 2211 tica,
237 2153 370 2215 tamquam
389 2145 513 2213 Scaliger,
541 2161 573 2197 ex
594 2144 782 2197 recentioribus
800 2144 920 2208 Brumoi,
947 2141 1058 2195 Iuleae

146 2225 190 2277 des
208 2229 298 2291 Grecs,
316 2236 378 2279 tom.
400 2227 439 2294 V,
457 2245 484 2296 p.
507 2228 567 2295 198,
585 2226 627 2278 ed.
647 2227 750 2292 Buten,
774 2228 834 2278 item
853 2226 1006 2294 interpretes
1024 2222 1058 2276 ad

146 2309 209 2361 illud
228 2310 343 2361 Horatiis

211 2392 320 2462 Eupolis
337 2403 413 2461 atque
432 2390 553 2442 Cratinus
572 2389 803 2461 Aristophanesque
820 2394 908 2459 poeitae
918 2424 926 2452 ,

210 2476 294 2543 Atque
311 2473 370 2540 alii,
388 2491 498 2542 qnorum
517 2472 653 2524 Comoedia
669 2473 759 2542 prisca
776 2473 891 2523 virorum
910 2481 957 2521 est·

148 2551 208 2604 Ern.
729 2601 738 2610 .

96 2632 282 2706 'Evnipearoe,
297 2636 431 2706 pmabilis.
450 2634 749 2703 cclxxtt1v,4(an
769 2635 831 2699 Vll,
854 2637 894 2696 ι).

96 2712 255 2788 Εὐριπίδου·
277 2720 348 2789 μισῶ
371 2717 519 2789 σοφιστὴν,
544 2717 618 2779 ὅστις
636 2717 684 2771 οὐκ
700 2715 775 2788 αὐτῷ
794 2715 884 2788 σοφὸς.
904 2712 1057 2786 Euripidisr

143 2798 189 2850 odi
204 2802 354 2869 sapientem,
370 2803 418 2872 qni
433 2801 484 2853 sibi
500 2803 553 2873 ipse
570 2821 623 2854 non
635 2802 711 2872 sapit,
727 2800 811 2852 DLIV
827 2800 903 2863 (Dir.
918 2798 985 2865 xtlt,
1002 2798 1056 2863 ι5).

145 2881 260 2934 Μιιιυῑίο
278 2885 451 2938 videturesse
470 2903 484 2938 e
501 2884 603 2938 Medea.
620 2885 687 2937 Ern.

96 2962 260 3036 Elpinicen,
277 2968 381 3019 mobilia
398 2980 524 3038 nimquam
542 2969 674 3038 Eruipus,
693 2967 732 3018 vel
741 2962 1057 3034 saciliaadexcitandum

144 3059 167 3096 et
184 3047 367 3115 impellendum
394 3049 563 3102 ocuxxxlv
587 3053 658 3113 (Διὶ.
676 3049 745 3116 XIV,
764 3047 806 3111 5).
835 3047 931 3099 Notum
949 3061 1055 3115 prover·

144 3125 233 3178 bium:
251 3125 395 3199 ἅνθρωπος
414 3129 537 3202 Εὔριπος.
843 3184 847 3191 ,

94 3206 296 3278 Εὐστομάχως,
314 3211 381 3263 bono
397 3213 540 3277 stamaclso,
548 3214 666 3281 fimiter.
683 3208 827 3263 cccxlvl
844 3209 915 3273 <ate
933 3208 981 3273 lX,
1000 3206 1044 3270 5).

95 3289 271 3363 [damnalia.
290 3292 413 3344 CCXXlX
431 3294 508 3356 (niv.
527 3295 594 3359 Vll,
614 3296 673 3356 32).
692 3292 841 3344 Aristoteles
859 3291 885 3341 iu
903 3288 999 3340 Ethicis
1016 3288 1055 3339 in·

144 3380 302 3441 terpretatur
319 3367 529 3445 πιποιιδιυμινηι
542 3372 643 3446 ὕβριν,
661 3391 739 3445 quum
754 3372 928 3424 conviciantur
941 3378 985 3421 aut
997 3386 1057 3439 per-

144 3457 290 3524 stringimus
308 3456 424 3509 homines
443 3458 574 3525 ingeniosa
598 3458 683 3528 aliqua
705 3456 815 3507 ratione.
840 3454 916 3505 Vnde
934 3451 1058 3522 eunapels'

145 3538 216 3590 dicti.
235 3540 298 3590 Nam
317 3539 359 3591 hic
377 3540 550 3606 Volumnius,
576 3539 607 3590 ad
626 3556 701 3610 quem
721 3539 803 3589 utitur
819 3536 869 3587 huc
886 3533 966 3586 verbo
984 3533 1056 3585 Cice·

144 3639 188 3689 ro,
201 3623 354 3693 Eutrapelus
367 3623 450 3674 dictus
464 3632 503 3674 est
515 3631 624 3693 propter
639 3619 821 3695 ιὺτραπιλίαν.
832 3619 883 3671 Sed
897 3618 965 3670 hunc
973 3618 1057 3687 ipsum

144 3702 274 3756 hominnm
286 3706 438 3757 Plutarchus
451 3707 477 3756 in
489 3707 569 3757 Bruto
583 3713 658 3758 vocat
670 3707 766 3775 μῖμον,
780 3719 859 3772 quem
873 3701 959 3753 locum
970 3700 1058 3752 Victo·

144 3786 197 3836 rius
214 3787 247 3837 ad
264 3787 290 3839 h.
314 3789 332 3840 l.
357 3789 459 3851 attulit,
485 3804 516 3839 ea
539 3803 592 3859 quo
616 3788 781 3854 intelligitur,
810 3779 984 3856 ιὺτραπιλίοιν
1002 3797 1057 3835 ctae
1124 3806 1130 3823 ι

143 3866 314 3921 urbanitatem
326 3870 352 3921 in
362 3888 437 3923 sensu
448 3869 588 3936 deteriori,
607 3871 638 3923 de
651 3887 701 3940 qua
712 3868 764 3921 rid.
776 3867 891 3919 Gronov.
903 3867 936 3919 de
948 3866 1053 3918 Sestert.

137 3964 164 4016 p.
182 3950 243 4017 318,
262 3952 328 4021 ³¹95
346 3969 412 4023 quae
427 3952 559 4007 mimicam
576 3953 665 4007 innuit
683 3951 819 4018 facetiam,
830 3949 966 4002 ridiculam
982 3947 1053 3999 illam
