2624 4830
249 369 321 464 354
596 387 766 439 arrsroua
793 390 894 438 xant.
1028 384 1058 436 t.
1076 389 1109 436 v.
1129 388 1158 434 c.
1176 395 1224 448 ,ιο

246 499 309 572 atio
343 495 558 594 gratissimae
590 493 758 565 victoriae
791 490 1039 591 scnrpiteruam
1072 487 1246 564 volebam.

245 625 361 724 Atque
386 621 446 694 illo
473 620 531 693 die
564 620 733 717 cognovi,
766 616 885 717 paullo
917 613 1034 716 plures
1059 616 1097 688 iu
1121 629 1244 689 senatu

244 747 429 822 malivolos
454 771 547 845 esse,
572 770 677 847 quam
704 757 830 844 gratos.
854 745 928 816 Eos
953 767 1017 842 per
1040 742 1139 842 ipsos
1156 741 1244 837 dica,

244 872 352 948 effudi
377 875 430 962 (si
455 875 505 949 ita
531 873 604 961 vis)
631 870 783 944 honores
816 869 852 941 in
884 881 1058 965 mortuos,
1086 869 1242 941 Hirtium

243 1013 281 1074 ct
303 1000 473 1100 Pansam,
495 997 659 1102 Aquilam
685 998 800 1070 etiam.
825 994 934 1088 Quod
958 995 1035 1097 quis
1051 993 1240 1095 repreben-

242 1124 314 1227 dit,
337 1126 406 1200 nisi
430 1126 508 1228 qui,
539 1124 704 1225 deposito
736 1137 851 1222 metu,
882 1121 1060 1222 praeteriti
1095 1116 1240 1221 periculi

240 1251 346 1328 suerit
369 1249 522 1326 oblitual
545 1249 749 1325 Accedebat
778 1248 824 1323 ad
848 1247 1009 1320 beneficii
1035 1246 1239 1321 memoriam

237 1391 374 1479 gratam
399 1379 489 1452 ratio
513 1375 588 1474 illa,
612 1403 702 1479 quae
727 1377 832 1455 etiam
857 1374 1008 1475 posteris
1033 1387 1127 1447 esset
1150 1361 1238 1445 salu·

239 1503 333 1578 turis.
359 1503 506 1578 Exstare
530 1504 624 1575 enim
651 1501 812 1575 volebam
837 1502 874 1574 iu
898 1497 1159 1574 crudelissimos
1177 1497 1239 1570 bo·

237 1641 308 1703 ates
333 1642 561 1704 monumenta
583 1628 655 1701 odii
673 1627 804 1729 publici
821 1628 1043 1727 sempiterna.
1070 1628 1236 1728 Suspicor

236 1751 325 1830 iuno
350 1755 465 1829 minus
491 1754 554 1829 nu
580 1754 740 1857 probari,
771 1753 867 1859 quoa
894 1753 938 1826 ab
965 1754 1034 1827 aas
1060 1752 1234 1826 ramirus-

235 1879 321 1984 bua,
345 1883 488 1983 optimis
512 1880 579 1955 illis
605 1880 748 1984 quidem
776 1883 873 1980 viris,
899 1879 962 1955 sed
987 1883 1023 1955 iu
1041 1879 1233 1982 republica

236 2008 399 2108 rudibus,
415 2035 487 2083 non
506 2008 740 2110 probabatur,
764 2007 880 2111 quod,
895 2022 937 2082 ut
953 2008 1073 2082 ovanti
1092 2008 1234 2081 introire

235 2136 375 2210 Caesari
400 2135 540 2235 liceret,
564 2135 788 2211 decreverim.
807 2137 890 2235 'Ego
914 2149 1031 2208 autem
1058 2133 1141 2225 (sed
1157 2160 1234 2208 erro

233 2260 397 2336 fortasse:
422 2289 489 2336 nec
515 2276 631 2335 tamen
659 2265 688 2336 ia
714 2289 809 2361 sum,
837 2275 877 2336 ut
900 2288 977 2334 mea
1004 2287 1061 2336 me
1084 2260 1234 2336 maxime

234 2385 431 2477 delectent)
467 2387 552 2460 nihil
585 2388 671 2461 mihi
703 2388 827 2462 videor
858 2388 928 2463 hoc
960 2387 1053 2463 bello
1086 2391 1232 2464 sensisse

232 2512 448 2612 prudentius.
474 2515 548 2589 Cur
572 2528 689 2587 autem
719 2516 766 2588 ita
800 2517 862 2614 sit,
896 2515 1124 2616 aperiendum
1158 2543 1229 2590 nou
1268 2604 1271 2610 ι

231 2652 306 2737 est,
332 2665 375 2711 ne
401 2641 512 2738 magis
537 2640 658 2713 videar
683 2641 853 2741 providus
879 2641 1000 2742 fuisse,
1026 2670 1129 2745 quam
1156 2670 1231 2742 gra-

231 2777 295 2839 tus.
321 2766 400 2839 Hoc
425 2768 557 2866 ipsum,
583 2769 737 2840 nimium.
764 2770 881 2861 Quare
909 2768 974 2842 alia
1002 2770 1193 2844 videamus.

279 2895 301 2986 4
328 2893 370 2964 Ι).
397 2893 507 2966 Bruto
530 2893 666 2967 decrevi
686 2893 855 2994 honores,
873 2896 1010 2970 decrevi
1028 2900 1068 2973 L.
1086 2897 1228 2971 Planco.

227 3017 408 3092 Praeclara
438 3018 495 3092 illa
531 3019 671 3122 quidem
699 3024 834 3122 ingenia
844 3080 854 3122 ,
880 3050 968 3125 quae
1002 3025 1109 3122 gloria
1135 3025 1226 3097 invi·

226 3155 361 3220 tantur:
386 3145 449 3220 sed
466 3161 607 3221 senatus
625 3150 730 3221 etiam
748 3151 906 3251 sapiens,
922 3152 998 3251 qui,
1017 3177 1084 3253 qun
1104 3176 1224 3252 quem-

224 3296 292 3372 que
322 3298 358 3345 re
392 3287 510 3373 putat,
543 3274 650 3348 modo
683 3275 849 3375 honesta,
874 3276 919 3351 ad
945 3303 1017 3349 rem
1044 3277 1221 3377 publicam

139 3498 141 3502 Ι
222 3396 411 3471 iuvandam
430 3425 534 3498 posse
552 3400 696 3500 adduci,
722 3401 788 3478 hnc
807 3405 925 3477 utitur.
950 3405 998 3478 At
1023 3405 1059 3474 iu
1085 3401 1222 3502 Lepido

223 3523 525 3621 reprehendimur:
552 3529 609 3600 cui
635 3556 743 3630 quum
761 3544 910 3602 statuam
936 3532 973 3623 in
999 3531 1134 3603 Rostris
1151 3543 1221 3602 stu·

222 3648 419 3750 tuissemus,
445 3652 552 3728 iidem
577 3654 671 3729 illam
698 3658 894 3730 evertimus.
925 3658 999 3731 Nos
1031 3656 1127 3728 illurn
1154 3655 1218 3728 bo·

222 3796 307 3845 nore
332 3776 528 3853 studuimus
554 3807 573 3852 a
599 3782 715 3855 surore
745 3809 919 3856 revocare.
945 3783 1042 3857 Vicit
1067 3783 1217 3854 arrrcntin

220 3896 384 3975 levissimi
405 3902 554 4016 bominis
572 3922 728 3983 nostram
751 3910 984 4014 prudentiam.
1010 3909 1084 3986 Nec
1101 3923 1217 3984 tamen
