2624 4830
171 455 238 501 222
472 449 640 502 errorout
667 453 842 502 occcxtrx.
935 455 965 503 a.
984 459 1017 507 v.
1034 460 1063 509 c.
1083 435 1132 522 γέ,

535 676 791 750 DCCCXLIX.
892 722 946 779 (na
962 722 1014 768 oo.
1031 725 1087 785 xu,
1104 733 1136 784 ε)

166 859 383 934 Argnnrentron.
406 853 592 914 Renoveturn
615 853 719 935 Lepidi
741 853 850 916 scelere
870 853 981 917 bellum
1002 879 1065 919 esse
1085 883 1157 920 con-

205 962 354 1043 queritur,
374 970 404 1020 et
424 961 559 1019 Cassium
579 959 618 1018 ad
640 958 825 1020 liberandum
840 981 903 1021 rom
919 961 1069 1043 publicoru
1086 964 1157 1026 lior·

205 1079 292 1129 tutor.

338 1296 391 1346 scr.
412 1295 504 1346 bomar
524 1297 553 1344 t.
574 1294 604 1346 V.
623 1293 651 1346 C.
672 1295 775 1361 beet,
794 1312 881 1348 mense
900 1296 981 1349 lunio.

308 1465 350 1559 n.
382 1494 418 1554 ϊ.
449 1493 592 1555 cronno
624 1494 658 1554 c.
689 1494 826 1557 cossio
859 1497 888 1557 s.
919 1496 953 1558 r.
982 1496 1019 1558 o.

208 1681 333 1773 ,Scelus
354 1696 363 1729 ¹
391 1679 503 1751 affinis
529 1680 594 1776 tui,
616 1678 756 1779 Lepidi,
780 1706 1020 1782 summamque
1037 1681 1156 1758 levita·

167 1795 235 1882 tem
261 1822 297 1880 et
320 1803 608 1903 inconstantiam,
631 1829 674 1878 ex
698 1805 799 1903 actis,
825 1830 914 1906 quae
931 1807 977 1878 atl
1003 1821 1037 1880 te
1064 1811 1156 1882 mitti

164 1948 260 2009 certo
286 1934 375 2031 seio,
397 1955 566 2030 cognosse
592 1941 626 2002 te
651 1927 809 2004 arbitror.
834 1932 958 2032 Itaque
975 1957 1058 2030 nos,
1075 1898 1156 2007 con·

163 2060 255 2142 lecto
279 2056 395 2156 bello,
416 2069 456 2130 ut
481 2053 735 2131 arbitrabamur
748 2070 774 2155 ¹,
794 2069 1000 2129 renovatum
1028 2057 1156 2132 bellurn

164 2186 329 2283 gerimus,
355 2208 522 2283 spemque
548 2207 687 2255 omnem
712 2181 749 2252 in
774 2181 815 2254 D.
839 2183 951 2255 Bmto
973 2196 1009 2255 et
1024 2179 1157 2257 Planco

165 2309 346 2382 babemus:
372 2309 402 2381 si
427 2333 548 2380 verum
574 2306 727 2408 quaeris,
752 2307 788 2378 in
814 2320 848 2379 te
873 2308 971 2381 etin
996 2310 1043 2381 M.
1068 2309 1157 2382 Bru·

166 2447 204 2508 to·
218 2435 250 2534 ³3
274 2459 346 2508 non
362 2431 486 2505 'solum
511 2431 557 2504 ad
576 2457 738 2532 praeseus
756 2429 967 2532 perfugium,
991 2435 1035 2532 si,
1060 2435 1155 2536 quod

163 2557 289 2658 nolim,
313 2557 450 2631 adversi
476 2556 559 2658 quid
580 2557 760 2657 acciderit,
785 2557 847 2630 sed
872 2558 976 2630 etiam
1002 2558 1048 2631 ad
1074 2587 1155 2633 con·

162 2687 393 2758 firmationem
411 2696 600 2783 perpetuae
618 2680 787 2756 libertatis
804 2682 832 2772 l.
854 2683 927 2757 Nos
946 2684 1002 2756 hic
1021 2685 1065 2756 de
1082 2687 1153 2758 Do·

161 2808 285 2906 labella
317 2806 560 2906 audiebamus,
592 2835 680 2909 quae
710 2807 874 2883 vellemus
893 2813 925 2882 ⁵:
951 2808 1014 2883 sed
1040 2825 1153 2884 certos

162 2949 320 3009 auctores
337 2960 410 3008 non
426 2933 650 3007 habebamus.
674 2935 726 3007 Te
748 2935 888 3037 quidem
913 2963 1075 3034 magnum
1094 2936 1154 3011 lro·

162 3063 290 3134 minem
317 3076 352 3134 et
382 3061 557 3161 praesenti
584 3060 732 3159 iudicio,
764 3075 800 3133 et
832 3061 954 3162 reliqui
987 3063 1153 3161 temporis

161 3188 420 3287 exspectatione
445 3189 533 3259 scito
560 3212 643 3260 esse.
677 3189 756 3261 Hoc
788 3186 851 3258 tibi
877 3187 1074 3286 proposito,
1099 3188 1153 3259 lac

88 3351 89 3354 ¹
160 3327 200 3386 ut
216 3313 262 3387 ad
278 3316 443 3386 summa⁶
460 3313 661 3386 contendas.
686 3311 780 3387 Nihil
806 3325 858 3384 est
884 3326 1018 3383 tantum
1029 3367 1038 3407 ,
1057 3311 1152 3411 quod

159 3464 231 3512 uon
256 3439 408 3541 populns
433 3441 609 3513 Romanus
635 3467 654 3513 a
683 3453 715 3513 te
740 3439 860 3539 perfici
878 3453 981 3539 atque
1000 3437 1152 3511 obtineri

159 3590 261 3666 posse
286 3565 425 3638 iudicet.
451 3565 547 3638 Vale.
