2624 4830
450 431 738 484 ousrcouarruvs
889 506 893 517 1
1019 424 1092 498 6ι5

163 537 193 581 ut
209 528 329 600 placebat
347 529 474 600 Epicuro,
492 532 525 583 da
543 534 696 603 corporibus
713 535 830 588 defluunt
847 541 970 596 continuo
981 554 1009 598 et
1021 567 1077 601 sen·

164 612 350 664 srrslrominum
368 614 480 682 pulsant.
500 614 561 665 vid.
580 615 683 667 Lucrat.
703 616 747 668 lib.
767 618 814 685 IV,
833 637 856 670 v
876 623 907 690 34
925 642 996 698 seqq.
1010 630 1076 684 Em

114 688 198 752 Eiioie
217 710 259 745 σοι
279 690 363 762 λέγω·
381 696 462 746 sciens
480 696 527 746 tibi
543 694 610 749 dico.
629 696 799 750 cccxtvnt
817 704 888 762 (tu.
907 705 941 757 IX
949 714 1019 778 ‚7).

114 774 159 834 Εἶη
179 770 291 845 pronti:
310 767 430 847 pilae
404 793 486 836 cruce.
509 777 569 831 odio
591 781 626 830 sit
648 781 703 850 ipsa
724 779 814 834 domus
838 785 904 838 alias
926 806 998 844 cara.
1022 794 1077 849 CXI

163 863 234 919 (Att.
255 860 301 924 tv,
321 862 364 921 8).
391 860 560 913 Proverbium
578 861 707 916 Graecum
725 873 780 916 est.
804 856 875 927 οἶκος
893 867 982 941 pilae,
1006 867 1077 939 οἶκος

164 939 295 1013 ἄριστος,
313 943 385 994 cuiue
401 943 526 1007 ,originem
544 943 596 994 rid.
616 960 657 1015 ap.
681 945 779 999 Erasm.
802 966 859 1018 pag.
879 951 937 1004 563
964 956 999 1007 Eo
1018 977 1077 1012 usu,

161 1033 196 1075 cst
218 1025 308 1075 Cicero
327 1041 368 1093 ep.
388 1022 544 1076 DCCXXVI.
567 1026 616 1078 Hic
634 1035 721 1079 autem
738 1036 837 1083 ῑιιιῑιιιιι
855 1035 1006 1089 suavitatem
1023 1058 1078 1095 cue

160 1105 399 1176 iucunditatemque
416 1105 480 1158 dicit
497 1107 599 1159 aedium
619 1110 824 1181 Antiatinarum,
848 1123 878 1166 ut
900 1133 946 1168 sua
964 1119 1012 1172 eibi
1030 1122 1076 1175 do·

161 1203 218 1238 mue
235 1204 318 1257 paene
335 1188 396 1240 odio
413 1191 455 1241 sit.
473 1190 540 1240 Ern.

113 1266 283 1341 Eritapmle,
307 1272 449 1335 sincerum,
473 1272 607 1342 integrum.
633 1272 789 1345 CXV1(.Q
814 1275 846 1328 ir.
864 1277 904 1344 lt,
928 1282 974 1346 8).
999 1282 1077 1353 Quod

161 1354 238 1404 etiam
261 1353 294 1404 ad
314 1355 393 1405 solem
413 1354 568 1423 explicatum
593 1362 621 1407 et
643 1356 789 1426 inspectum
816 1376 912 1429 purum
938 1366 1076 1434 reperitur.

161 1436 219 1486 Sic:
238 1429 304 1507 apic
320 1433 424 1506 αὐγὰς,
446 1453 482 1488 ac.
506 1435 623 1494 ›ilicu'
607 1441 767 1491 ανασιιοπιῖν
791 1438 1077 1514 aldioitur.1.ougin.

160 1515 186 1567 S.
206 1517 256 1569 111·
276 1514 332 1588 Κᾷν
351 1513 464 1570 lenaeus
481 1516 573 1570 αὐτῶν
591 1514 658 1591 πρὸς
675 1519 762 1591 aiupcie
778 1521 945 1606 diastasin
963 1527 1007 1579 ubi
1018 1529 1078 1583 vide

159 1599 272 1652 Fabrum
290 1608 317 1652 et
334 1600 456 1653 Tullium.
475 1601 542 1652 Ern.

111 1680 144 1733 Ei
162 1682 283 1753 μινιτὲον
301 1682 330 1734 is
347 1687 382 1764 τῆ
400 1677 512 1756 πατρίδι
529 1682 729 1763 rupassoupiup
750 1691 802 1737 etc.
820 1690 863 1738 An
880 1690 1060 1745 moriendum·
1049 1713 1077 1745 m

157 1768 244 1837 patria
268 1741 404 1829 tyrannide
426 1782 560 1835 oppressa.-
584 1784 614 1816 ea
635 1785 694 1816 vero
722 1767 859 1829 trrarmide
883 1788 1017 1841 oppressa,
1042 1795 1077 1827 an

159 1847 342 1919 quovismodo
358 1842 505 1911 orannim
526 1848 621 1898 eversio
643 1847 772 1900 molienda
793 1861 842 1912 est,
869 1852 967 1903 etiamsi
990 1856 1077 1907 civitas

158 1944 262 2002 propter
279 1930 309 1982 id
329 1930 360 1981 de
382 1948 480 1982 summa
500 1946 586 1980 rerum
606 1929 750 1998 periculum
771 1931 890 1984 subitura
914 1935 955 1984 sit.
974 1938 1017 1986 An
1033 1938 1076 1989 ια’-

160 2013 268 2066 vrndum
285 2013 334 2077 sit,
352 2031 384 2062 ue
401 2012 449 2081 qui
465 2008 625 2073 tyrannidem
637 2011 738 2074 evertit,
757 2012 810 2081 ipsa
821 2025 953 2066 evertatur.
973 2020 1014 2067 An
1025 2029 1076 2068 ten·

160 2096 265 2147 tandum
283 2097 330 2159 sit,
348 2113 419 2163 opem
426 2094 503 2160 serre
518 2093 618 2162 patriae
635 2091 773 2156 tyrannide
793 2110 937 2163 oppressae,
954 2099 1037 2149 uerbis
1053 2095 1078 2150 e't

159 2180 199 2228 rei
222 2178 410 2247 opportunitate
428 2175 530 2246 potius,
555 2192 631 2245 quarn
649 2174 723 2226 bello.
744 2176 836 2228 Vtrum
858 2178 921 2230 ciuis
943 2179 1005 2230 boni
1027 2182 1076 2246 sit,

160 2259 313 2310 secedentem
330 2260 432 2328 aliqrm,
450 2258 591 2327 quiescere,
615 2274 735 2326 oppressa
755 2276 772 2308 ιι
794 2270 905 2324 tyranno
925 2261 1024 2328 patria,
1041 2281 1076 2314 an

158 2341 337 2411 quodcumque
361 2339 520 2392 subeundum
544 2339 681 2393 discrimen
701 2358 750 2408 pro
775 2341 896 2393 libertate.
922 2346 963 2394 An
985 2344 1077 2396 bellum

159 2424 321 2493 inserendum
339 2425 453 2493 regioni,
470 2440 550 2493 eaque
567 2423 601 2472 sit
617 2420 771 2486 obsidenda,
789 2423 813 2472 si
830 2442 846 2474 a
863 2435 973 2486 tyranno
990 2427 1077 2496 oppri-

158 2519 249 2559 matur.
268 2510 311 2557 An
327 2508 402 2558 etiam
419 2507 454 2569 is,
472 2506 519 2574 qui
534 2522 588 2555 non
603 2505 705 2573 probet,
723 2516 754 2556 ut
770 2505 837 2556 bello
855 2507 1077 2568 trranniseverta·

160 2600 210 2652 tur,
228 2600 310 2639 tamen
327 2607 419 2640 nomen
436 2606 509 2639 suum
524 2586 641 2656 profiteri
657 2605 715 2639 cum
727 2587 885 2654 fortissimis
901 2589 964 2639 viris
981 2587 1077 2642 debeat.

161 2673 202 2720 An
220 2688 277 2722 cum
294 2671 453 2722 benemeritis
470 2681 495 2720 et
510 2670 599 2722 amicis
616 2687 669 2720 una
686 2669 818 2722 subeunda
842 2670 894 2721 sint
916 2670 1032 2740 pericula
1049 2671 1078 2722 in

159 2753 249 2813 rebus,
260 2772 326 2822 quae
335 2753 463 2823 pertinent
476 2751 514 2803 ad
524 2769 577 2803 rem
591 2752 733 2822 publicem,
752 2753 850 2803 etiamsi
860 2753 901 2802 illi
911 2753 995 2804 minus
1011 2765 1078 2807 recte

158 2833 189 2882 de
208 2852 306 2886 summa
323 2854 410 2887 rerum
426 2835 583 2889 consuluisse
599 2834 743 2887 videantur.
764 2835 856 2886 Vtrum
873 2833 905 2886 de
919 2836 1005 2905 patria
1016 2836 1077 2886 bene

159 2917 279 2981 meritus,
296 2918 329 2968 ob
347 2935 451 2987 eamque
472 2935 575 2970 causam
590 2917 741 2985 gravissima
757 2935 874 2986 quaeque
888 2935 980 2985 passus
997 2928 1021 2967 et
1036 2917 1077 2966 in-

157 2998 229 3050 vidia
248 3017 395 3067 oppressus,
414 3001 481 3051 ultro
496 3017 545 3068 pro
560 2999 646 3068 patria
662 2997 800 3050 discrimen
811 2999 898 3050 subire
914 2998 1016 3050 debeat:
1034 3010 1079 3049 aut

156 3079 353 3147 permittendum
371 3082 409 3143 ci,
427 3093 455 3132 ut
471 3082 513 3131 sui
530 3080 609 3149 ipsius
626 3079 754 3131 interdum
771 3092 796 3130 et
812 3081 1003 3132 carissimorum
1019 3098 1077 3148 prr·

159 3179 281 3213 sonarum
298 3163 423 3215 rationem
439 3162 543 3225 habeat,
560 3159 672 3212 dimissis
689 3160 810 3213 adversus
825 3173 938 3231 potentes
951 3173 1079 3214 concerta·

162 3245 279 3295 tionibus
292 3263 341 3313 pro
358 3264 386 3296 re
401 3245 512 3313 publica.
534 3241 668 3295 ccchv
685 3243 757 3304 (Ati.
776 3244 824 3308 lX,
842 3243 888 3309 4).
904 3234 972 3292 ¹Sunt
988 3241 1078 3300 θέσεις

158 3324 231 3391 (vid.
251 3326 278 3375 in
298 3326 326 3377 h.
345 3331 406 3392 n),
425 3327 451 3376 in
469 3325 563 3394 quibua
580 3324 721 3377 tractandis
744 3326 827 3375 otium
852 3324 1019 3375 consumebat
1036 3323 1077 3374 Ci-

159 3425 237 3473 cero,
256 3415 285 3458 ut
304 3408 419 3458 animum
439 3425 579 3476 parumper
596 3407 629 3458 ab
648 3405 808 3473 aegritudine
826 3405 977 3457 abduceret.
995 3407 1062 3456 Ern.

108 3489 258 3561 Eipuseia,
277 3489 466 3552 dissimulatio,
483 3490 619 3558 cavillatio.
639 3488 818 3554 Decumum
838 3491 906 3552 (Au.
926 3486 1002 3553 XVI,
1024 3491 1078 3548 ιι).

109 3571 332 3645 Εἱρωνιύισθαι,
351 3571 524 3635 dissimulare,
548 3571 740 3624 dissimulanter
756 3573 837 3642 loqui.
861 3570 982 3621 cuthx
1001 3569 1078 3633 (Div.

161 3657 206 3720 W,
226 3656 272 3721 i)-

117 3730 220 3807 Eigipoi
238 3736 331 3809 pipios
348 3759 355 3787 ι
375 3753 443 3787 unus
460 3733 524 3785 mibi
541 3733 625 3786 decem
642 3735 738 3799 millia,
755 3754 822 3787 unus
838 3734 903 3786 milii
919 3735 1001 3784 instar
1017 3731 1080 3782 mul·

158 3832 242 3870 torum
260 3821 377 3870 millium.
398 3816 558 3883 Dchxlx,
581 3835 589 3868 ι
611 3818 682 3879 (Ait.
701 3820 774 3886 XVI,
797 3823 854 3882 ιι).

110 3893 155 3961 Εἷς
173 3897 265 3961 οἰωνός
283 3901 412 3975 ἄριστος,
436 3899 588 3970 ἀμύνεσθαι
612 3900 674 3974 rupi
691 3901 815 3975 πάτρης,
840 3918 919 3954 unum
943 3897 1079 3968 augurium

158 3986 293 4054 optimum,
317 4002 434 4057 pugnam
454 4001 504 4055 pro
519 3984 615 4054 patria.
633 3985 759 4054 xxvut,
781 3985 885 4051 3<tu
908 3981 948 4050 11,
972 3981 1015 4043 3).
1041 3975 1079 4028 Εἰ

157 4067 262 4121 Homer.
281 4067 354 4120 Iliad.
372 4066 473 4133 x11,v.
491 4065 550 4132 243.
