2624 4830
242 418 309 487 118
542 435 717 486 arrarum
743 435 912 485 ncccxxu.
1012 440 1042 484 a.
1061 437 1096 487 v.
1112 438 1143 488 c.
1163 451 1212 500 71⁰

235 517 414 640 epistolis,
447 534 509 610 sed
541 537 811 611 voluminibus³
843 537 1072 639 lacesserem3
1109 540 1236 644 quibus

234 663 377 768 quidem
404 690 461 736 me
493 690 512 737 a
546 677 581 738 te
615 665 802 766 provocari
833 664 1032 766 oportebat
1064 667 1235 758 Quamvis

235 792 328 900 enim
353 804 545 892 occupatus
571 793 636 890 sis,
664 792 728 865 otii
754 805 872 864 tamen
898 790 978 892 plus
1002 788 1122 865 babes.
1147 793 1236 891 Aut,

238 918 266 990 si
290 943 336 990 uc
361 931 399 989 tu
425 916 568 1020 quidem
590 944 713 1016 vacas,
741 916 814 990 noli
839 916 1026 1017 impudens
1052 942 1146 1017 esse,
1170 943 1236 990 nec

237 1042 323 1115 mihi
348 1042 544 1117 molestiam
570 1042 751 1141 exhibere,
776 1056 813 1116 et
829 1069 849 1116 a
866 1068 923 1115 me
940 1042 1057 1117 literas
1083 1042 1237 1117 crebrio-

237 1195 310 1268 res,
335 1197 443 1272 quum
476 1183 513 1244 tu
545 1169 631 1242 mihi
657 1167 769 1242 carot
795 1169 932 1268 mittas,
955 1167 1121 1268 flagitare.
1146 1168 1237 1243 Nam

239 1322 346 1398 quum
371 1310 473 1368 antea
500 1295 722 1370 distinebar⁵
749 1296 908 1368 maximis
926 1294 1238 1395 occupationibus,

237 1437 425 1522 propterea
452 1423 549 1524 quod
573 1423 737 1496 omnibus
756 1424 847 1495 curis
866 1420 1134 1522 rempublicam
1154 1420 1238 1493 mibi

241 1547 409 1621 tuendam
433 1548 620 1648 putabam,
650 1563 726 1621 turn
752 1546 822 1621 hoc
841 1535 1007 1648 'tempore
1033 1545 1144 1620 multo
1170 1545 1239 1618 dis·

240 1674 642 1752 tineorvehemeutius.
667 1675 719 1748 Vt
751 1677 845 1747 euim
884 1676 1021 1774 gravius
1059 1685 1239 1772 aegrotant

239 1800 263 1872 ii
271 1856 283 1901 ‚
306 1803 364 1903 qui
372 1859 382 1901 ‚
407 1827 513 1904 quum
540 1802 647 1876 levati
672 1801 797 1876 morbo
823 1801 1026 1899 videntur⁶‚
1042 1802 1080 1872 iu
1097 1826 1179 1873 curu
1196 1798 1239 1872 de

239 1929 376 2028 integro
408 1929 621 2004 inciderunt:
654 1930 704 2003 sic
737 1928 979 2002 vehementius
1011 1953 1077 2000 nos
1102 1925 1238 1999 labora-

239 2056 335 2155 mus,
360 2057 438 2158 qui,
468 2055 654 2157 profligato
679 2055 773 2130 bello
799 2083 841 2129 ac
866 2082 979 2156 paene
1004 2053 1163 2154 sublato,
1187 2079 1238 2126 re·

239 2197 408 2255 novatum
426 2182 583 2256 bellum?
604 2211 721 2282 gerere
737 2208 914 2256 conamur.
932 2181 1002 2254 Sed
1019 2181 1106 2254 haec
1124 2180 1239 2253 hacte-

239 2334 314 2380 nus.
341 2309 397 2380 Tu
417 2309 493 2406 tibi,
518 2312 566 2381 mi
584 2310 768 2408 Cornifiei,
793 2310 847 2382 sac
866 2323 905 2381 ut
922 2307 1151 2410 persuadeas,
1168 2333 1238 2379 riou

240 2460 314 2506 esse
339 2460 396 2505 me
421 2448 493 2507 tam
518 2435 694 2508 imbecillo
722 2437 855 2535 auimo,
881 2462 925 2507 ne
951 2435 1065 2507 dicam
1084 2434 1240 2507 inbuma·

240 2586 305 2659 uo,
330 2575 369 2632 ut
394 2588 413 2633 a
440 2576 475 2633 te
502 2563 594 2635 vinci
621 2565 754 2663 possim
780 2578 850 2636 aut·
866 2563 1007 2660 officiis,
1034 2575 1096 2633 aut
1114 2585 1241 2633 aruore.

240 2686 321 2759 Nou
341 2686 543 2760 dubitabam
562 2688 739 2789 equidem:
766 2703 1006 2763 verumtamen
1026 2686 1139 2761 multo
1157 2686 1240 2759 mihi

240 2813 415 2886 notiorem
433 2840 587 2888 amorem
606 2829 706 2889 tuum
723 2816 840 2889 effecit
856 2816 1077 2916 Chaerippus
1089 2815 1114 2886 ⁸.
1133 2815 1166 2888 O
1184 2813 1242 2886 bo

240 2940 385 3039 minem,
411 2966 550 3042 semper
574 2942 671 3016 illum
699 2943 840 3045 quidem
864 2941 950 3014 mihi
968 2956 1091 3043 aptum
1105 2959 1133 3042 9,
1149 2965 1243 3014 nuuc

240 3090 326 3139 vero
352 3069 456 3140 etiam
485 3078 646 3145 suavem!
671 3069 801 3144 Vultus
827 3068 1026 3143 mehercule
1052 3083 1134 3142 tuos
1158 3066 1243 3140 mibi

240 3195 410 3293 expressit
427 3220 563 3296 omues,
580 3223 653 3270 non
671 3197 785 3270 solum
804 3197 961 3269 animum
979 3222 1021 3268 ac
1038 3193 1148 3268 verba
1165 3220 1244 3295 per·

242 3318 330 3392 tulit.
362 3323 486 3424 Itaque
511 3323 583 3397 noli
611 3325 738 3422 vereri,
765 3349 810 3397 ue
837 3322 901 3396 tibi
926 3323 1188 3396 succensuerim
1206 3337 1247 3418 ¹⁰,

241 3446 336 3544 quod
355 3448 479 3522 eodem
507 3450 668 3551 exemplo
687 3450 733 3524 ad
758 3477 828 3549 me,
854 3477 925 3552 quo
944 3450 987 3524 ad
1006 3463 1153 3522 ceteros.
1179 3450 1247 3522 Re·

242 3570 368 3668 quisivi
395 3575 559 3676 equidem
585 3579 747 3678 proprias
774 3578 820 3650 ad
847 3603 903 3650 me
929 3603 1038 3650 unum
1063 3574 1183 3650 literas
1203 3589 1249 3670 ¹¹3

242 3694 304 3765 sed
333 3723 447 3799 neque
473 3701 714 3802 vehementer,
740 3719 775 3777 et
801 3718 968 3780 amanter.
994 3706 1048 3776 De
1074 3716 1192 3775 sumtu
1208 3714 1250 3796 ¹¹7

243 3846 346 3919 quern
373 3839 408 3895 te
433 3827 468 3896 iu
496 3855 568 3899 reru
597 3829 781 3904 militarem
808 3831 921 3903 facore
943 3844 978 3902 et
995 3830 1118 3902 fecisse
1144 3828 1247 3921 dicis,

244 3946 329 4019 nibil
356 3976 439 4022 sane
464 3978 607 4053 possum
636 3957 699 4028 tibi
726 3957 908 4056 opitulari,
936 3970 1122 4055 propterea
1151 3952 1245 4054 quod
