<?xml version="1.0" encoding="UTF-8"?>
<!DOCTYPE html PUBLIC "-//W3C//DTD XHTML 1.0 Transitional//EN"
    "http://www.w3.org/TR/xhtml1/DTD/xhtml1-transitional.dtd">
<html xmlns="http://www.w3.org/1999/xhtml" xml:lang="en" lang="en">
 <head>
  <title>
</title>
<meta http-equiv="Content-Type" content="text/html;charset=utf-8" />
  <meta name='ocr-system' content='tesseract 3.04.00' />
  <meta name='ocr-capabilities' content='ocr_page ocr_carea ocr_par ocr_line ocrx_word'/>
</head>
<body>
  <div class='ocr_page' id='page_1' title='image "./mtulliiciceroni17cicegoog_0157.png"; bbox 0 0 2624 4830; ppageno 0'>
   <div class='ocr_carea' id='block_1_1' title="bbox 97 387 1156 3629">
    <p class='ocr_par' dir='ltr' id='par_1_1' title="bbox 167 387 1127 466">
     <span class='ocr_line' id='line_1_1' title="bbox 167 387 1127 466; baseline -0.01 -6"><span class='ocrx_word' id='word_1_1' title='bbox 167 387 232 460; x_wconf 74' lang='lat'><strong>152</strong></span> <span class='ocrx_word' id='word_1_2' title='bbox 449 399 618 451; x_wconf 78' lang='lat' dir='ltr'><strong>rursroaa</strong></span> <span class='ocrx_word' id='word_1_3' title='bbox 645 400 851 450; x_wconf 84' lang='lat' dir='ltr'><strong>occcxxxnr.</strong></span> <span class='ocrx_word' id='word_1_4' title='bbox 934 400 965 449; x_wconf 81' lang='lat' dir='ltr'><strong>a.</strong></span> <span class='ocrx_word' id='word_1_5' title='bbox 981 401 1016 451; x_wconf 79' lang='lat' dir='ltr'><strong>v.</strong></span> <span class='ocrx_word' id='word_1_6' title='bbox 1032 401 1062 451; x_wconf 83' lang='lat' dir='ltr'><strong>o.</strong></span> <span class='ocrx_word' id='word_1_7' title='bbox 1080 413 1127 466; x_wconf 71' lang='grc' dir='ltr'><strong>μ.</strong></span> 
     </span>
    </p>

    <p class='ocr_par' dir='ltr' id='par_1_2' title="bbox 97 504 1156 3629">
     <span class='ocr_line' id='line_1_2' title="bbox 126 504 1154 608; baseline -0.006 -24"><span class='ocrx_word' id='word_1_8' title='bbox 126 560 131 574; x_wconf 77' lang='lat'><strong>,</strong></span> <span class='ocrx_word' id='word_1_9' title='bbox 161 510 273 585; x_wconf 86' lang='lat' dir='ltr'><strong>Gallia</strong></span> <span class='ocrx_word' id='word_1_10' title='bbox 290 505 415 608; x_wconf 78' lang='lat' dir='ltr'>Lepidi</span> <span class='ocrx_word' id='word_1_11' title='bbox 433 519 469 578; x_wconf 89' lang='lat' dir='ltr'><strong>et</strong></span> <span class='ocrx_word' id='word_1_12' title='bbox 484 504 702 577; x_wconf 79' lang='lat' dir='ltr'><strong>nuntiantur:</strong></span> <span class='ocrx_word' id='word_1_13' title='bbox 719 504 854 576; x_wconf 81' lang='lat' dir='ltr'><strong>Pansae</strong></span> <span class='ocrx_word' id='word_1_14' title='bbox 870 505 1059 577; x_wconf 77' lang='lat' dir='ltr'><strong>examitum</strong></span> <span class='ocrx_word' id='word_1_15' title='bbox 1072 531 1154 579; x_wconf 90' lang='lat' dir='ltr'><strong>con·</strong></span> 
     </span>
     <span class='ocr_line' id='line_1_3' title="bbox 161 629 1153 732; baseline -0.005 -22"><span class='ocrx_word' id='word_1_16' title='bbox 161 637 271 710; x_wconf 91' lang='lat' dir='ltr'><strong>cisum</strong></span> <span class='ocrx_word' id='word_1_17' title='bbox 289 660 379 732; x_wconf 70' lang='lat' dir='ltr'><strong>esse,</strong></span> <span class='ocrx_word' id='word_1_18' title='bbox 393 634 543 706; x_wconf 88' lang='lat' dir='ltr'><strong>Pansam</strong></span> <span class='ocrx_word' id='word_1_19' title='bbox 564 656 607 702; x_wconf 88' lang='lat' dir='ltr'><strong>ex</strong></span> <span class='ocrx_word' id='word_1_20' title='bbox 624 629 825 703; x_wconf 85' lang='lat' dir='ltr'><strong>vulneribus</strong></span> <span class='ocrx_word' id='word_1_21' title='bbox 839 630 870 680; x_wconf 77' lang='lat'><strong>¹⁸</strong></span> <span class='ocrx_word' id='word_1_22' title='bbox 886 644 1081 731; x_wconf 73' lang='lat' dir='ltr'><strong>mortuum,</strong></span> <span class='ocrx_word' id='word_1_23' title='bbox 1096 657 1153 705; x_wconf 68' lang='lat' dir='ltr'><strong>eo⁴</strong></span> 
     </span>
     <span class='ocr_line' id='line_1_4' title="bbox 161 748 1153 861; baseline -0.003 -26"><span class='ocrx_word' id='word_1_24' title='bbox 161 748 241 835; x_wconf 91' lang='lat' dir='ltr'><strong>dem</strong></span> <span class='ocrx_word' id='word_1_25' title='bbox 259 759 392 861; x_wconf 91' lang='lat' dir='ltr'><strong>proelio</strong></span> <span class='ocrx_word' id='word_1_26' title='bbox 410 757 571 831; x_wconf 80' lang='lat' dir='ltr'><strong>Martiam</strong></span> <span class='ocrx_word' id='word_1_27' title='bbox 589 754 761 855; x_wconf 83' lang='lat' dir='ltr'><strong>legionem</strong></span> <span class='ocrx_word' id='word_1_28' title='bbox 779 755 965 855; x_wconf 85' lang='lat' dir='ltr'><strong>interiisse,</strong></span> <span class='ocrx_word' id='word_1_29' title='bbox 980 770 1016 829; x_wconf 88' lang='lat' dir='ltr'><strong>ct</strong></span> <span class='ocrx_word' id='word_1_30' title='bbox 1032 758 1072 831; x_wconf 89' lang='lat' dir='ltr'><strong>L.</strong></span> <span class='ocrx_word' id='word_1_31' title='bbox 1089 758 1153 831; x_wconf 84' lang='lat' dir='ltr'><strong>Fa-</strong></span> 
     </span>
     <span class='ocr_line' id='line_1_5' title="bbox 160 880 1155 985; baseline -0.003 -25"><span class='ocrx_word' id='word_1_32' title='bbox 160 888 299 985; x_wconf 91' lang='lat' dir='ltr'><strong>batum,</strong></span> <span class='ocrx_word' id='word_1_33' title='bbox 324 900 359 958; x_wconf 86' lang='lat' dir='ltr'><strong>et</strong></span> <span class='ocrx_word' id='word_1_34' title='bbox 383 887 422 959; x_wconf 89' lang='lat' dir='ltr'><strong>C.</strong></span> <span class='ocrx_word' id='word_1_35' title='bbox 447 882 684 979; x_wconf 81' lang='lat' dir='ltr'><strong>Peducaeum,</strong></span> <span class='ocrx_word' id='word_1_36' title='bbox 707 895 743 953; x_wconf 91' lang='lat' dir='ltr'><strong>et</strong></span> <span class='ocrx_word' id='word_1_37' title='bbox 759 882 800 954; x_wconf 90' lang='lat' dir='ltr'><strong>D.</strong></span> <span class='ocrx_word' id='word_1_38' title='bbox 819 880 1041 956; x_wconf 81' lang='lat' dir='ltr'><strong>Carfulenum</strong></span> <span class='ocrx_word' id='word_1_39' title='bbox 1049 911 1059 981; x_wconf 80' lang='lat'>3</span> <span class='ocrx_word' id='word_1_40' title='bbox 1075 884 1155 958; x_wconf 84' lang='lat' dir='ltr'><strong>Hir-</strong></span> 
     </span>
     <span class='ocr_line' id='line_1_6' title="bbox 161 1006 1154 1111; baseline -0.004 -25"><span class='ocrx_word' id='word_1_41' title='bbox 161 1015 236 1087; x_wconf 84' lang='lat' dir='ltr'><strong>tino</strong></span> <span class='ocrx_word' id='word_1_42' title='bbox 257 1030 286 1078; x_wconf 82' lang='lat'><strong>¹9</strong></span> <span class='ocrx_word' id='word_1_43' title='bbox 311 1025 426 1084; x_wconf 83' lang='lat' dir='ltr'><strong>autem</strong></span> <span class='ocrx_word' id='word_1_44' title='bbox 460 1007 593 1111; x_wconf 89' lang='lat' dir='ltr'><strong>proelio</strong></span> <span class='ocrx_word' id='word_1_45' title='bbox 626 1021 663 1080; x_wconf 88' lang='lat' dir='ltr'><strong>et</strong></span> <span class='ocrx_word' id='word_1_46' title='bbox 696 1021 855 1108; x_wconf 89' lang='lat' dir='ltr'><strong>quartam</strong></span> <span class='ocrx_word' id='word_1_47' title='bbox 889 1006 1088 1106; x_wconf 84' lang='lat' dir='ltr'><strong>legionem,</strong></span> <span class='ocrx_word' id='word_1_48' title='bbox 1117 1024 1154 1082; x_wconf 89' lang='lat' dir='ltr'><strong>et</strong></span> 
     </span>
     <span class='ocr_line' id='line_1_7' title="bbox 161 1126 1154 1238; baseline -0.005 -26"><span class='ocrx_word' id='word_1_49' title='bbox 161 1164 283 1212; x_wconf 87' lang='lat' dir='ltr'><strong>ornnes</strong></span> <span class='ocrx_word' id='word_1_50' title='bbox 294 1126 472 1238; x_wconf 62' lang='lat' dir='ltr'><strong>&#39;peraeque</strong></span> <span class='ocrx_word' id='word_1_51' title='bbox 488 1135 632 1209; x_wconf 81' lang='lat' dir='ltr'><strong>Antonii</strong></span> <span class='ocrx_word' id='word_1_52' title='bbox 649 1159 783 1230; x_wconf 71' lang='lat' dir='ltr'><strong>caesas,</strong></span> <span class='ocrx_word' id='word_1_53' title='bbox 807 1134 890 1205; x_wconf 90' lang='lat' dir='ltr'><strong>item</strong></span> <span class='ocrx_word' id='word_1_54' title='bbox 907 1133 1029 1232; x_wconf 82' lang='lat' dir='ltr'><strong>Hirtii;</strong></span> <span class='ocrx_word' id='word_1_55' title='bbox 1053 1161 1154 1236; x_wconf 89' lang='lat' dir='ltr'><strong>quar-</strong></span> 
     </span>
     <span class='ocr_line' id='line_1_8' title="bbox 162 1260 1154 1364; baseline -0.001 -28"><span class='ocrx_word' id='word_1_56' title='bbox 162 1279 234 1336; x_wconf 86' lang='lat' dir='ltr'><strong>tam</strong></span> <span class='ocrx_word' id='word_1_57' title='bbox 259 1290 343 1337; x_wconf 86' lang='lat' dir='ltr'><strong>vero</strong></span> <span class='ocrx_word' id='word_1_58' title='bbox 362 1279 403 1359; x_wconf 82' lang='lat'><strong>²⁰,</strong></span> <span class='ocrx_word' id='word_1_59' title='bbox 427 1288 534 1364; x_wconf 88' lang='lat' dir='ltr'><strong>quum</strong></span> <span class='ocrx_word' id='word_1_60' title='bbox 560 1274 673 1333; x_wconf 90' lang='lat' dir='ltr'><strong>castra</strong></span> <span class='ocrx_word' id='word_1_61' title='bbox 698 1284 837 1360; x_wconf 87' lang='lat' dir='ltr'><strong>quoque</strong></span> <span class='ocrx_word' id='word_1_62' title='bbox 862 1260 1006 1332; x_wconf 81' lang='lat' dir='ltr'><strong>Antonii</strong></span> <span class='ocrx_word' id='word_1_63' title='bbox 1040 1262 1154 1360; x_wconf 87' lang='lat' dir='ltr'><strong>cepis·</strong></span> 
     </span>
     <span class='ocr_line' id='line_1_9' title="bbox 162 1385 1153 1491; baseline -0.002 -29"><span class='ocrx_word' id='word_1_64' title='bbox 162 1404 230 1486; x_wconf 86' lang='lat' dir='ltr'><strong>set,</strong></span> <span class='ocrx_word' id='word_1_65' title='bbox 256 1415 275 1461; x_wconf 92' lang='lat' dir='ltr'><strong>a</strong></span> <span class='ocrx_word' id='word_1_66' title='bbox 301 1391 421 1491; x_wconf 89' lang='lat' dir='ltr'><strong>quinta</strong></span> <span class='ocrx_word' id='word_1_67' title='bbox 446 1387 581 1485; x_wconf 86' lang='lat' dir='ltr'><strong>legione</strong></span> <span class='ocrx_word' id='word_1_68' title='bbox 607 1386 783 1459; x_wconf 87' lang='lat' dir='ltr'><strong>concisam</strong></span> <span class='ocrx_word' id='word_1_69' title='bbox 808 1411 899 1483; x_wconf 71' lang='lat' dir='ltr'><strong>esse,</strong></span> <span class='ocrx_word' id='word_1_70' title='bbox 926 1385 976 1457; x_wconf 89' lang='lat' dir='ltr'><strong>ibi</strong></span> <span class='ocrx_word' id='word_1_71' title='bbox 1001 1386 1153 1460; x_wconf 84' lang='lat' dir='ltr'><strong>Hirtium</strong></span> 
     </span>
     <span class='ocr_line' id='line_1_10' title="bbox 97 1494 1154 1616; baseline -0.001 -29"><span class='ocrx_word' id='word_1_72' title='bbox 97 1499 100 1502; x_wconf 11' lang='grc' dir='ltr'><em>Α</em></span> <span class='ocrx_word' id='word_1_73' title='bbox 162 1537 302 1616; x_wconf 89' lang='lat' dir='ltr'><strong>quoque</strong></span> <span class='ocrx_word' id='word_1_74' title='bbox 331 1515 473 1615; x_wconf 89' lang='lat' dir='ltr'><strong>periisse</strong></span> <span class='ocrx_word' id='word_1_75' title='bbox 498 1526 534 1584; x_wconf 85' lang='lat' dir='ltr'><strong>et</strong></span> <span class='ocrx_word' id='word_1_76' title='bbox 558 1494 722 1584; x_wconf 86' lang='lat' dir='ltr'><strong>Poiitium</strong></span> <span class='ocrx_word' id='word_1_77' title='bbox 747 1509 927 1612; x_wconf 77' lang='lat' dir='ltr'><strong>Aquilam,</strong></span> <span class='ocrx_word' id='word_1_78' title='bbox 954 1509 1023 1584; x_wconf 82' lang='lat' dir='ltr'><strong>dici</strong></span> <span class='ocrx_word' id='word_1_79' title='bbox 1048 1513 1154 1586; x_wconf 87' lang='lat' dir='ltr'><strong>etiam</strong></span> 
     </span>
     <span class='ocr_line' id='line_1_11' title="bbox 163 1636 1155 1738; baseline -0.002 -26"><span class='ocrx_word' id='word_1_80' title='bbox 163 1642 397 1717; x_wconf 85' lang='lat' dir='ltr'><strong>Octavianum</strong></span> <span class='ocrx_word' id='word_1_81' title='bbox 424 1637 588 1712; x_wconf 89' lang='lat' dir='ltr'><strong>cecidisse</strong></span> <span class='ocrx_word' id='word_1_82' title='bbox 601 1653 631 1688; x_wconf 86' lang='lat'><strong>²¹</strong></span> <span class='ocrx_word' id='word_1_83' title='bbox 652 1647 759 1738; x_wconf 89' lang='lat' dir='ltr'><strong>(quae</strong></span> <span class='ocrx_word' id='word_1_84' title='bbox 777 1638 823 1734; x_wconf 91' lang='lat' dir='ltr'><strong>si,</strong></span> <span class='ocrx_word' id='word_1_85' title='bbox 848 1636 944 1738; x_wconf 91' lang='lat' dir='ltr'><strong>quod</strong></span> <span class='ocrx_word' id='word_1_86' title='bbox 959 1638 1017 1710; x_wconf 89' lang='lat' dir='ltr'><strong>Dii</strong></span> <span class='ocrx_word' id='word_1_87' title='bbox 1034 1637 1155 1738; x_wconf 91' lang='lat' dir='ltr'><strong>prohi-</strong></span> 
     </span>
     <span class='ocr_line' id='line_1_12' title="bbox 161 1761 1156 1862; baseline 0 -24"><span class='ocrx_word' id='word_1_88' title='bbox 161 1765 285 1840; x_wconf 87' lang='lat' dir='ltr'><strong>beant!</strong></span> <span class='ocrx_word' id='word_1_89' title='bbox 310 1791 391 1838; x_wconf 88' lang='lat' dir='ltr'><strong>vera</strong></span> <span class='ocrx_word' id='word_1_90' title='bbox 417 1776 515 1862; x_wconf 87' lang='lat' dir='ltr'><strong>suut,</strong></span> <span class='ocrx_word' id='word_1_91' title='bbox 539 1787 612 1835; x_wconf 90' lang='lat' dir='ltr'><strong>non</strong></span> <span class='ocrx_word' id='word_1_92' title='bbox 637 1761 860 1835; x_wconf 79' lang='lat' dir='ltr'><strong>mediocriter</strong></span> <span class='ocrx_word' id='word_1_93' title='bbox 884 1762 1021 1861; x_wconf 71' lang='lat' dir='ltr'><strong>doleo),</strong></span> <span class='ocrx_word' id='word_1_94' title='bbox 1046 1765 1156 1838; x_wconf 86' lang='lat' dir='ltr'><strong>Anto·</strong></span> 
     </span>
     <span class='ocr_line' id='line_1_13' title="bbox 162 1882 1155 1991; baseline 0.001 -28"><span class='ocrx_word' id='word_1_95' title='bbox 162 1893 259 1963; x_wconf 86' lang='lat' dir='ltr'><strong>nium</strong></span> <span class='ocrx_word' id='word_1_96' title='bbox 284 1882 433 1991; x_wconf 85' lang='lat' dir='ltr'><strong>turpiter</strong></span> <span class='ocrx_word' id='word_1_97' title='bbox 452 1890 608 1962; x_wconf 81' lang='lat' dir='ltr'><strong>Mutinae</strong></span> <span class='ocrx_word' id='word_1_98' title='bbox 625 1888 863 1988; x_wconf 89' lang='lat' dir='ltr'><strong>obsessionem</strong></span> <span class='ocrx_word' id='word_1_99' title='bbox 881 1887 1078 1990; x_wconf 87' lang='lat' dir='ltr'><strong>reliquisse,</strong></span> <span class='ocrx_word' id='word_1_100' title='bbox 1094 1891 1155 1964; x_wconf 91' lang='lat' dir='ltr'><strong>sed</strong></span> 
     </span>
     <span class='ocr_line' id='line_1_14' title="bbox 162 2013 1155 2118; baseline 0.003 -31"><span class='ocrx_word' id='word_1_101' title='bbox 162 2015 290 2090; x_wconf 81' lang='lat' dir='ltr'><strong>habere</strong></span> <span class='ocrx_word' id='word_1_102' title='bbox 316 2019 472 2118; x_wconf 90' lang='lat' dir='ltr'><strong>equitum</strong></span> <span class='ocrx_word' id='word_1_103' title='bbox 497 2016 579 2088; x_wconf 83' lang='lat' dir='ltr'><strong>VM.</strong></span> <span class='ocrx_word' id='word_1_104' title='bbox 592 2031 635 2114; x_wconf 80' lang='lat'><strong>⁸²,</strong></span> <span class='ocrx_word' id='word_1_105' title='bbox 659 2013 812 2112; x_wconf 84' lang='lat' dir='ltr'><strong>legiones</strong></span> <span class='ocrx_word' id='word_1_106' title='bbox 836 2015 901 2087; x_wconf 89' lang='lat' dir='ltr'><strong>sub</strong></span> <span class='ocrx_word' id='word_1_107' title='bbox 919 2015 1025 2114; x_wconf 89' lang='lat' dir='ltr'><strong>signis</strong></span> <span class='ocrx_word' id='word_1_108' title='bbox 1043 2041 1155 2090; x_wconf 87' lang='lat' dir='ltr'><strong>arma·</strong></span> 
     </span>
     <span class='ocr_line' id='line_1_15' title="bbox 164 2140 1156 2241; baseline 0 -27"><span class='ocrx_word' id='word_1_109' title='bbox 164 2156 218 2215; x_wconf 85' lang='lat' dir='ltr'><strong>tas</strong></span> <span class='ocrx_word' id='word_1_110' title='bbox 241 2153 327 2241; x_wconf 78' lang='lat' dir='ltr'><strong>tres,</strong></span> <span class='ocrx_word' id='word_1_111' title='bbox 351 2157 386 2215; x_wconf 92' lang='lat' dir='ltr'><strong>et</strong></span> <span class='ocrx_word' id='word_1_112' title='bbox 402 2144 441 2215; x_wconf 87' lang='grc' dir='ltr'><strong>Ρ.</strong></span> <span class='ocrx_word' id='word_1_113' title='bbox 458 2143 624 2240; x_wconf 89' lang='lat' dir='ltr'><strong>Bagienni</strong></span> <span class='ocrx_word' id='word_1_114' title='bbox 651 2165 773 2239; x_wconf 87' lang='lat' dir='ltr'><strong>unam,</strong></span> <span class='ocrx_word' id='word_1_115' title='bbox 798 2142 946 2214; x_wconf 90' lang='lat' dir='ltr'><strong>inermes</strong></span> <span class='ocrx_word' id='word_1_116' title='bbox 962 2140 1054 2215; x_wconf 86' lang='lat' dir='ltr'><strong>benc</strong></span> <span class='ocrx_word' id='word_1_117' title='bbox 1072 2142 1156 2214; x_wconf 90' lang='lat' dir='ltr'><strong>mul·</strong></span> 
     </span>
     <span class='ocr_line' id='line_1_16' title="bbox 164 2265 1155 2368; baseline 0.002 -29"><span class='ocrx_word' id='word_1_118' title='bbox 164 2282 234 2365; x_wconf 73' lang='lat' dir='ltr'><strong>tos,</strong></span> <span class='ocrx_word' id='word_1_119' title='bbox 263 2265 468 2340; x_wconf 85' lang='lat' dir='ltr'><strong>Ventidium</strong></span> <span class='ocrx_word' id='word_1_120' title='bbox 489 2292 629 2368; x_wconf 88' lang='lat' dir='ltr'><strong>quoque</strong></span> <span class='ocrx_word' id='word_1_121' title='bbox 646 2292 683 2338; x_wconf 91' lang='lat' dir='ltr'><strong>sc</strong></span> <span class='ocrx_word' id='word_1_122' title='bbox 700 2292 781 2339; x_wconf 91' lang='lat' dir='ltr'><strong>cum</strong></span> <span class='ocrx_word' id='word_1_123' title='bbox 799 2265 934 2364; x_wconf 90' lang='lat' dir='ltr'><strong>legione</strong></span> <span class='ocrx_word' id='word_1_124' title='bbox 951 2269 1102 2368; x_wconf 90' lang='lat' dir='ltr'><strong>septima</strong></span> <span class='ocrx_word' id='word_1_125' title='bbox 1115 2269 1155 2368; x_wconf 77' lang='lat'><strong>²³,</strong></span> 
     </span>
     <span class='ocr_line' id='line_1_17' title="bbox 164 2391 1154 2496; baseline 0 -31"><span class='ocrx_word' id='word_1_126' title='bbox 164 2407 306 2490; x_wconf 89' lang='lat' dir='ltr'><strong>octava,</strong></span> <span class='ocrx_word' id='word_1_127' title='bbox 329 2418 423 2465; x_wconf 91' lang='lat' dir='ltr'><strong>nona</strong></span> <span class='ocrx_word' id='word_1_128' title='bbox 449 2392 688 2490; x_wconf 70' lang='lat' dir='ltr'><strong>coniunxisse,</strong></span> <span class='ocrx_word' id='word_1_129' title='bbox 712 2394 741 2465; x_wconf 89' lang='lat' dir='ltr'><strong>si</strong></span> <span class='ocrx_word' id='word_1_130' title='bbox 765 2391 852 2464; x_wconf 91' lang='lat' dir='ltr'><strong>nihil</strong></span> <span class='ocrx_word' id='word_1_131' title='bbox 866 2393 905 2464; x_wconf 90' lang='lat' dir='ltr'><strong>in</strong></span> <span class='ocrx_word' id='word_1_132' title='bbox 920 2393 1060 2495; x_wconf 84' lang='lat' dir='ltr'><strong>Lepido</strong></span> <span class='ocrx_word' id='word_1_133' title='bbox 1081 2396 1154 2496; x_wconf 91' lang='lat' dir='ltr'><strong>spei</strong></span> 
     </span>
     <span class='ocr_line' id='line_1_18' title="bbox 162 2517 1154 2618; baseline 0.004 -28"><span class='ocrx_word' id='word_1_134' title='bbox 162 2519 224 2616; x_wconf 86' lang='lat' dir='ltr'><strong>sit,</strong></span> <span class='ocrx_word' id='word_1_135' title='bbox 249 2517 495 2591; x_wconf 88' lang='lat' dir='ltr'><strong>descensurum</strong></span> <span class='ocrx_word' id='word_1_136' title='bbox 529 2518 574 2591; x_wconf 90' lang='lat' dir='ltr'><strong>ad</strong></span> <span class='ocrx_word' id='word_1_137' title='bbox 605 2531 775 2618; x_wconf 86' lang='lat' dir='ltr'><strong>extrema,</strong></span> <span class='ocrx_word' id='word_1_138' title='bbox 800 2532 836 2592; x_wconf 90' lang='lat' dir='ltr'><strong>et</strong></span> <span class='ocrx_word' id='word_1_139' title='bbox 860 2544 932 2592; x_wconf 90' lang='lat' dir='ltr'><strong>non</strong></span> <span class='ocrx_word' id='word_1_140' title='bbox 958 2521 1069 2597; x_wconf 91' lang='lat' dir='ltr'><strong>modo</strong></span> <span class='ocrx_word' id='word_1_141' title='bbox 1093 2548 1154 2595; x_wconf 86' lang='lat' dir='ltr'><strong>na·</strong></span> 
     </span>
     <span class='ocr_line' id='line_1_19' title="bbox 163 2643 1155 2745; baseline 0.007 -30"><span class='ocrx_word' id='word_1_142' title='bbox 163 2645 275 2716; x_wconf 90' lang='lat' dir='ltr'><strong>tiones</strong></span> <span class='ocrx_word' id='word_1_143' title='bbox 294 2645 337 2743; x_wconf 75' lang='lat'><strong>²4,</strong></span> <span class='ocrx_word' id='word_1_144' title='bbox 360 2643 422 2717; x_wconf 86' lang='lat' dir='ltr'><strong>se&#39;d</strong></span> <span class='ocrx_word' id='word_1_145' title='bbox 454 2645 558 2716; x_wconf 85' lang='lat' dir='ltr'><strong>etiarn</strong></span> <span class='ocrx_word' id='word_1_146' title='bbox 592 2646 730 2717; x_wconf 87' lang='lat' dir='ltr'><strong>servitia</strong></span> <span class='ocrx_word' id='word_1_147' title='bbox 764 2646 1039 2745; x_wconf 74' lang='lat' dir='ltr'><strong>concitaturum,</strong></span> <span class='ocrx_word' id='word_1_148' title='bbox 1071 2650 1155 2722; x_wconf 88' lang='lat' dir='ltr'><strong>Par·</strong></span> 
     </span>
     <span class='ocr_line' id='line_1_20' title="bbox 162 2769 1155 2873; baseline 0.005 -32"><span class='ocrx_word' id='word_1_149' title='bbox 162 2794 256 2841; x_wconf 89' lang='lat' dir='ltr'><strong>mam</strong></span> <span class='ocrx_word' id='word_1_150' title='bbox 289 2769 486 2870; x_wconf 72' lang='lat' dir='ltr'><strong>direptam,</strong></span> <span class='ocrx_word' id='word_1_151' title='bbox 517 2774 556 2842; x_wconf 91' lang='lat' dir='ltr'><strong>L.</strong></span> <span class='ocrx_word' id='word_1_152' title='bbox 588 2772 780 2844; x_wconf 87' lang='lat' dir='ltr'><strong>Antonium</strong></span> <span class='ocrx_word' id='word_1_153' title='bbox 812 2770 919 2870; x_wconf 86' lang='lat' dir='ltr'><strong>Alpes</strong></span> <span class='ocrx_word' id='word_1_154' title='bbox 954 2769 1155 2873; x_wconf 80' lang='lat' dir='ltr'><strong>occupasse.</strong></span> 
     </span>
     <span class='ocr_line' id='line_1_21' title="bbox 163 2896 1155 2993; baseline 0.01 -28"><span class='ocrx_word' id='word_1_155' title='bbox 163 2896 263 2987; x_wconf 90' lang='lat' dir='ltr'><strong>Quae</strong></span> <span class='ocrx_word' id='word_1_156' title='bbox 291 2897 319 2966; x_wconf 90' lang='lat' dir='ltr'><strong>si</strong></span> <span class='ocrx_word' id='word_1_157' title='bbox 353 2921 433 2968; x_wconf 82' lang='lat' dir='ltr'><strong>vcra</strong></span> <span class='ocrx_word' id='word_1_158' title='bbox 465 2911 564 2993; x_wconf 87' lang='lat' dir='ltr'><strong>sunt,</strong></span> <span class='ocrx_word' id='word_1_159' title='bbox 595 2897 724 2969; x_wconf 89' lang='lat' dir='ltr'><strong>nemini</strong></span> <span class='ocrx_word' id='word_1_160' title='bbox 755 2911 914 2970; x_wconf 86' lang='lat' dir='ltr'><strong>nostrum</strong></span> <span class='ocrx_word' id='word_1_161' title='bbox 948 2900 1155 2975; x_wconf 87' lang='lat' dir='ltr'><strong>cessandum</strong></span> 
     </span>
     <span class='ocr_line' id='line_1_22' title="bbox 163 3022 1154 3124; baseline 0.007 -32"><span class='ocrx_word' id='word_1_162' title='bbox 163 3035 236 3120; x_wconf 86' lang='lat' dir='ltr'><strong>est,</strong></span> <span class='ocrx_word' id='word_1_163' title='bbox 267 3048 332 3094; x_wconf 91' lang='lat' dir='ltr'><strong>nec</strong></span> <span class='ocrx_word' id='word_1_164' title='bbox 365 3022 659 3122; x_wconf 85' lang='lat' dir='ltr'><strong>exspectandum,</strong></span> <span class='ocrx_word' id='word_1_165' title='bbox 692 3023 777 3124; x_wconf 93' lang='lat' dir='ltr'><strong>quid</strong></span> <span class='ocrx_word' id='word_1_166' title='bbox 810 3022 976 3096; x_wconf 89' lang='lat' dir='ltr'><strong>decernat</strong></span> <span class='ocrx_word' id='word_1_167' title='bbox 1006 3040 1154 3099; x_wconf 87' lang='lat' dir='ltr'><strong>senatus.</strong></span> 
     </span>
     <span class='ocr_line' id='line_1_23' title="bbox 162 3147 1155 3248; baseline 0.009 -30"><span class='ocrx_word' id='word_1_168' title='bbox 162 3147 230 3220; x_wconf 89' lang='lat' dir='ltr'><strong>Res</strong></span> <span class='ocrx_word' id='word_1_169' title='bbox 262 3150 353 3221; x_wconf 90' lang='lat' dir='ltr'><strong>enim</strong></span> <span class='ocrx_word' id='word_1_170' title='bbox 387 3151 480 3248; x_wconf 85' lang='lat' dir='ltr'><strong>cogit</strong></span> <span class='ocrx_word' id='word_1_171' title='bbox 513 3147 593 3220; x_wconf 84' lang='lat' dir='ltr'><strong>huic</strong></span> <span class='ocrx_word' id='word_1_172' title='bbox 625 3162 724 3222; x_wconf 87' lang='lat' dir='ltr'><strong>tanto</strong></span> <span class='ocrx_word' id='word_1_173' title='bbox 759 3148 923 3223; x_wconf 89' lang='lat' dir='ltr'><strong>incendio</strong></span> <span class='ocrx_word' id='word_1_174' title='bbox 956 3177 1155 3227; x_wconf 85' lang='lat' dir='ltr'><strong>succurrere</strong></span> 
     </span>
     <span class='ocr_line' id='line_1_24' title="bbox 163 3275 1155 3380; baseline 0.006 -36"><span class='ocrx_word' id='word_1_175' title='bbox 163 3298 301 3372; x_wconf 88' lang='lat' dir='ltr'><strong>omnes,</strong></span> <span class='ocrx_word' id='word_1_176' title='bbox 333 3277 392 3377; x_wconf 89' lang='lat' dir='ltr'><strong>qui</strong></span> <span class='ocrx_word' id='word_1_177' title='bbox 425 3290 485 3349; x_wconf 90' lang='lat' dir='ltr'><strong>aut</strong></span> <span class='ocrx_word' id='word_1_178' title='bbox 516 3275 718 3374; x_wconf 87' lang='lat' dir='ltr'><strong>imperium,</strong></span> <span class='ocrx_word' id='word_1_179' title='bbox 752 3289 812 3346; x_wconf 86' lang='lat' dir='ltr'><strong>aut</strong></span> <span class='ocrx_word' id='word_1_180' title='bbox 843 3300 972 3348; x_wconf 87' lang='lat' dir='ltr'><strong>nomeu</strong></span> <span class='ocrx_word' id='word_1_181' title='bbox 1006 3277 1155 3380; x_wconf 89' lang='lat' dir='ltr'><strong>denique</strong></span> 
     </span>
     <span class='ocr_line' id='line_1_25' title="bbox 162 3398 1154 3496; baseline 0.008 -27"><span class='ocrx_word' id='word_1_182' title='bbox 162 3400 283 3496; x_wconf 90' lang='lat' dir='ltr'><strong>populi</strong></span> <span class='ocrx_word' id='word_1_183' title='bbox 321 3403 468 3476; x_wconf 87' lang='lat' dir='ltr'><strong>Romani</strong></span> <span class='ocrx_word' id='word_1_184' title='bbox 505 3404 638 3474; x_wconf 81' lang='lat' dir='ltr'><strong>salvum</strong></span> <span class='ocrx_word' id='word_1_185' title='bbox 679 3398 801 3472; x_wconf 88' lang='lat' dir='ltr'><strong>volunt</strong></span> <span class='ocrx_word' id='word_1_186' title='bbox 837 3426 911 3473; x_wconf 89' lang='lat' dir='ltr'><strong>esse</strong></span> <span class='ocrx_word' id='word_1_187' title='bbox 937 3406 978 3474; x_wconf 84' lang='lat'><strong>²⁵.</strong></span> <span class='ocrx_word' id='word_1_188' title='bbox 1009 3405 1154 3477; x_wconf 89' lang='lat' dir='ltr'><strong>Brutum</strong></span> 
     </span>
     <span class='ocr_line' id='line_1_26' title="bbox 163 3524 1154 3629; baseline 0.012 -39"><span class='ocrx_word' id='word_1_189' title='bbox 163 3524 255 3595; x_wconf 89' lang='lat' dir='ltr'><strong>euim</strong></span> <span class='ocrx_word' id='word_1_190' title='bbox 286 3527 447 3600; x_wconf 87' lang='lat' dir='ltr'><strong>cohortes</strong></span> <span class='ocrx_word' id='word_1_191' title='bbox 474 3529 599 3625; x_wconf 82' lang='lat' dir='ltr'><strong>XVII,</strong></span> <span class='ocrx_word' id='word_1_192' title='bbox 625 3541 659 3597; x_wconf 87' lang='lat' dir='ltr'><strong>ct</strong></span> <span class='ocrx_word' id='word_1_193' title='bbox 686 3525 771 3598; x_wconf 90' lang='lat' dir='ltr'><strong>duas</strong></span> <span class='ocrx_word' id='word_1_194' title='bbox 804 3553 876 3598; x_wconf 89' lang='lat' dir='ltr'><strong>non</strong></span> <span class='ocrx_word' id='word_1_195' title='bbox 908 3527 1107 3629; x_wconf 78' lang='lat' dir='ltr'><strong>frequentes</strong></span> <span class='ocrx_word' id='word_1_196' title='bbox 1124 3531 1154 3579; x_wconf 83' lang='lat'><strong>²⁶</strong></span> 
     </span>
    </p>
   </div>
   <div class='ocr_carea' id='block_1_2' title="bbox 162 3646 1156 4001">
    <p class='ocr_par' dir='ltr' id='par_1_3' title="bbox 162 3646 1156 4001">
     <span class='ocr_line' id='line_1_27' title="bbox 165 3646 1153 3752; baseline 0.012 -37"><span class='ocrx_word' id='word_1_197' title='bbox 165 3646 318 3721; x_wconf 88' lang='lat' dir='ltr'><strong>tironum</strong></span> <span class='ocrx_word' id='word_1_198' title='bbox 351 3652 523 3750; x_wconf 89' lang='lat' dir='ltr'><strong>legiones,</strong></span> <span class='ocrx_word' id='word_1_199' title='bbox 556 3680 641 3752; x_wconf 87' lang='lat' dir='ltr'><strong>quas</strong></span> <span class='ocrx_word' id='word_1_200' title='bbox 675 3653 930 3752; x_wconf 87' lang='lat' dir='ltr'><strong>conscripserat</strong></span> <span class='ocrx_word' id='word_1_201' title='bbox 961 3656 1153 3750; x_wconf 87' lang='lat' dir='ltr'><strong>Antonius,</strong></span> 
     </span>
     <span class='ocr_line' id='line_1_28' title="bbox 162 3768 1156 3880; baseline 0.015 -42"><span class='ocrx_word' id='word_1_202' title='bbox 162 3768 291 3845; x_wconf 90' lang='lat' dir='ltr'><strong>habere</strong></span> <span class='ocrx_word' id='word_1_203' title='bbox 315 3775 429 3848; x_wconf 90' lang='lat' dir='ltr'><strong>audio.</strong></span> <span class='ocrx_word' id='word_1_204' title='bbox 456 3778 577 3877; x_wconf 81' lang='lat' dir='ltr'><strong>Neque</strong></span> <span class='ocrx_word' id='word_1_205' title='bbox 604 3791 719 3849; x_wconf 87' lang='lat' dir='ltr'><strong>tamen</strong></span> <span class='ocrx_word' id='word_1_206' title='bbox 747 3768 885 3876; x_wconf 86' lang='lat' dir='ltr'><strong>dubito,</strong></span> <span class='ocrx_word' id='word_1_207' title='bbox 911 3781 995 3880; x_wconf 88' lang='lat' dir='ltr'><strong>quin</strong></span> <span class='ocrx_word' id='word_1_208' title='bbox 1020 3806 1156 3878; x_wconf 88' lang='lat' dir='ltr'><strong>omnes,</strong></span> 
     </span>
     <span class='ocr_line' id='line_1_29' title="bbox 163 3897 1155 4001; baseline 0.011 -36"><span class='ocrx_word' id='word_1_209' title='bbox 163 3897 221 3996; x_wconf 83' lang='lat' dir='ltr'><strong>qui</strong></span> <span class='ocrx_word' id='word_1_210' title='bbox 259 3903 434 4000; x_wconf 87' lang='lat' dir='ltr'><strong>supersint</strong></span> <span class='ocrx_word' id='word_1_211' title='bbox 471 3904 514 3975; x_wconf 91' lang='lat' dir='ltr'><strong>de</strong></span> <span class='ocrx_word' id='word_1_212' title='bbox 550 3904 654 3975; x_wconf 90' lang='lat' dir='ltr'><strong>Hirtii</strong></span> <span class='ocrx_word' id='word_1_213' title='bbox 691 3904 866 4001; x_wconf 83' lang='lat' dir='ltr'><strong>exercitu,</strong></span> <span class='ocrx_word' id='word_1_214' title='bbox 900 3904 1080 3980; x_wconf 83' lang='lat' dir='ltr'><strong>confluant</strong></span> <span class='ocrx_word' id='word_1_215' title='bbox 1113 3904 1155 3978; x_wconf 92' lang='lat' dir='ltr'><strong>ad</strong></span> 
     </span>
    </p>
   </div>
   <div class='ocr_carea' id='block_1_3' title="bbox 0 0 1318 4830">
    <p class='ocr_par' dir='ltr' id='par_1_4' title="bbox 0 0 1318 4830">
     <span class='ocr_line' id='line_1_30' title="bbox 0 0 1318 4830; baseline 0 0"><span class='ocrx_word' id='word_1_216' title='bbox 0 0 1318 4830; x_wconf 95' lang='lat' dir='ltr'><strong> </strong></span> 
     </span>
    </p>
   </div>
  </div>
 </body>
</html>
