2624 4830
253 438 321 512 186
555 456 726 506 nrrsrons
752 455 920 506 ncccxnu.
1036 456 1218 522 annm

248 576 384 638 menter
397 560 527 636 fefellit.
543 560 699 633 Tantum
715 561 809 633 enim
823 557 922 657 aluit,
938 573 978 631 nt
991 549 1131 634 illorum
1142 585 1243 662 prae·

247 688 339 765 sidio
356 702 512 762 nostram
529 689 743 761 firmaremns
761 685 920 785 classem,
938 699 978 758 ut
993 684 1098 760 etiam
1116 712 1135 760 a
1151 687 1242 764 Rbo

250 815 316 890 diis
348 814 452 913 urbe,
483 828 614 915 portu,
638 813 788 886 statione
806 828 847 912 ¹⁰,
871 838 959 914 quae
991 821 1088 886 extra
1119 815 1242 890 urbem

249 955 321 1040 est,
345 954 559 1038 commeatu,
590 966 681 1040 aqua
707 938 856 1040 deniqne
885 937 1153 1039 prohiberentur
1176 967 1241 1016 no-

249 1069 310 1142 stri
337 1066 482 1165 milites,
506 1093 572 1141 nos
597 1067 657 1139 vix
681 1067 747 1165 ipsi
770 1062 913 1163 singulis
945 1092 1026 1138 cum
1056 1066 1240 1165 navigiolis

247 1195 489 1295 reciperemur.
526 1195 641 1283 Quam
674 1191 914 1288 indignitatem
946 1191 1239 1266 deminutionem

248 1343 316 1422 que
341 1318 531 1390 maiestatis
557 1343 628 1390 non
654 1316 767 1390 solum
793 1318 876 1390 iuris
899 1318 1028 1415 nostri,
1052 1317 1238 1392 sedetiam

246 1445 383 1544 imperii
399 1443 590 1545 populique
607 1443 755 1516 Romani
769 1455 808 1541 ¹¹,
825 1443 951 1516 iccirco
969 1441 1126 1542 tulimus,
1142 1441 1238 1545 quod

246 1570 450 1671 interceptis
473 1569 580 1642 literis
599 1590 846 1668 cognoramus,
869 1565 1106 1667 Dolabellam,
1130 1571 1160 1642 si
1178 1569 1238 1643 de·

245 1711 419 1797 sperasset
444 1694 487 1769 de
504 1695 604 1795 Syria
620 1697 871 1796 Aegyptoque,
895 1693 990 1797 qnod
1006 1720 1147 1768 necesse
1164 1710 1238 1769 erat

247 1824 338 1920 lieri,
361 1825 397 1894 in
424 1849 529 1895 naves
555 1849 634 1895 cnm
660 1819 822 1895 omnibus
847 1823 917 1894 suis
948 1820 1160 1920 latronibus,
1184 1837 1236 1895 at·

246 1975 314 2051 que
340 1950 436 2022 omni
462 1950 609 2049 pecnnia
642 1947 877 2021 conscendere
910 1972 984 2019 esse
1016 1962 1178 2046 paratum
1197 1963 1235 2043 ¹²,

246 2074 451 2176 Italiamque
476 2089 609 2174 petere:
635 2075 761 2147 iccirco
787 2074 892 2175 etiam
915 2097 1022 2145 naves
1044 2075 1236 2168 onerarias,

247 2226 393 2301 quarum
419 2203 533 2272 minor
557 2199 651 2273 nulla
677 2213 752 2273 erat
776 2196 884 2271 duum
913 2197 1060 2270 millium
1089 2199 1234 2299 ampho-

244 2351 322 2397 rum
343 2326 382 2420 ¹³,
407 2339 620 2425 contractas,
644 2328 680 2398 in
705 2326 815 2424 Lycia
840 2350 860 2396 a
884 2323 992 2397 classe
1010 2324 1082 2398 eius
1101 2324 1233 2399 obside·

244 2450 282 2524 ri.
307 2451 420 2524 Huius
444 2453 493 2524 rei
519 2453 659 2548 timore,
683 2453 804 2524 Patres
828 2452 1036 2551 conscripti,
1065 2452 1233 2550 percitus,

243 2575 385 2648 iniurias
402 2576 549 2676 perpeti,
575 2591 610 2649 et
627 2603 707 2649 cum
724 2576 933 2650 contumelia
950 2578 1055 2650 etiam
1071 2577 1232 2651 nostrast

244 2702 361 2773 omnia
386 2702 482 2801 prius
508 2704 653 2802 experiri
671 2700 785 2776 malni.
810 2705 932 2805 Itaque
953 2701 1000 2775 ad
1015 2702 1155 2777 illorum
1177 2724 1232 2777 vo

244 2824 414 2900 luntatem
438 2827 658 2902 introductus
677 2829 714 2901 iu
730 2826 852 2902 urbem
877 2843 913 2902 et
936 2829 973 2900 in
998 2843 1158 2902 senatum
1174 2854 1232 2902 eo·

244 2977 339 3052 rum,
364 2980 468 3057 quam
501 2953 759 3053 diligentissime
784 2957 903 3056 potui,
929 2981 1068 3028 causam
1094 2956 1145 3028 rei
1168 2974 1252 3057 pn··

242 3077 354 3153 blicae
387 3082 459 3180 egi,
491 3081 752 3184 periculumque
787 3107 913 3180 omne,
937 3080 1034 3182 quod
1065 3082 1230 3177 instaret,

242 3207 272 3280 si
297 3205 354 3279 ille
378 3206 467 3281 latro
501 3235 581 3281 curn
605 3209 766 3282 omnibns
791 3209 861 3281 suis
886 3232 993 3282 naves
1011 3208 1229 3280 ¹⁵-conscen

243 3331 367 3432 disset,
392 3336 545 3434 exposui.
571 3335 727 3409 Rhodios
752 3344 868 3408 autern
894 3333 1054 3406 tantuin
1080 3334 1229 3433 pruritu·

242 3469 278 3529 te
295 3461 326 3510 ¹⁶
352 3460 601 3560 animadverti,
633 3476 672 3534 ut
705 3486 824 3534 omues
857 3458 1026 3532 firmiores
1053 3470 1229 3558 putarent,

242 3607 346 3680 quam
374 3583 505 3659 bonos:
537 3602 576 3660 ut
607 3586 697 3660 lianc
729 3585 953 3661 concordiam
986 3598 1021 3657 et
1054 3583 1227 3685 conspira-

241 3705 373 3778 tionem
405 3712 560 3783 omnium
594 3714 758 3786 ordinum
776 3728 804 3777 ¹⁷
832 3711 878 3784 ad
903 3708 1160 3783 defendendam
1184 3706 1227 3780 li·

241 3827 428 3933 bertatem,
460 3818 632 3937 propense
663 3865 735 3912 non
768 3838 950 3911 crederent
981 3862 1055 3909 esse
1088 3836 1226 3908 factam:

240 3969 281 4028 ut
305 3959 509 4086 pqtientiam
533 3979 672 4038 senatus
697 3980 733 4038 et
757 3965 882 4064 optimi
908 3963 1074 4061 cuiusque
1092 3983 1226 4034 manere
