2624 4830
211 414 283 494 250
440 384 445 399 ¹
532 435 703 486 srrsrouu
732 436 888 487 ncccuvr.
1052 437 1108 490 nn.
1126 444 1195 496 mn

209 547 271 645 sti,
295 541 377 617 mali
396 555 501 642 putes
518 540 721 637 contigisse3
738 539 950 639 permultum
967 543 1033 615 erit
1061 571 1105 618 ex
1120 572 1217 622 mce-

208 698 288 747 rorc
312 685 374 753 tuo
400 668 617 742 deminutum
638 684 676 737 ¹².
703 664 930 769 Relinquetur
954 671 1047 743 enim
1065 672 1213 775 simplex

208 797 266 873 itta
290 797 361 871 iam
386 822 468 870 cura
486 793 617 868 doloris
635 794 703 893 tui,
728 819 817 896 quae
834 821 908 869 non
925 823 1005 870 cum
1032 797 1099 873 iltis
1116 828 1214 877 com-

207 922 459 1021 rusurticabitur,
484 921 547 995 sed
573 921 619 994 ad
646 935 681 994 te
706 921 822 1020 ipsum
854 925 997 1024 proprie
1021 926 1209 1003 referetur:

208 1052 246 1125 in
262 1077 329 1153 qua
347 1076 421 1125 nou
437 1063 491 1124 est
507 1050 578 1122 iam
602 1049 781 1148 gravitatis
799 1076 840 1124 ac
856 1052 886 1100 ¹³
903 1052 1095 1151 sapientiae
1111 1067 1208 1155 tuae,

207 1204 314 1280 quam
339 1192 377 1250 tu
403 1204 422 1250 a
448 1201 559 1277 puero
584 1177 802 1277 praestitisti,
828 1176 916 1251 serre
942 1178 1209 1254 immoderatius

207 1330 327 1378 casum
351 1303 657 1377 incommodorum
675 1317 835 1401 tuorum,
860 1306 919 1406 qui
937 1305 983 1378 sit
1005 1305 1050 1378 ab
1069 1332 1211 1406 eorum,

205 1455 296 1534 qnos
312 1428 488 1529 dilexeris,
514 1430 652 1503 miseria
671 1427 834 1530 maloque
851 1431 1038 1504 seiunctus.
1063 1433 1208 1505 Etenim

203 1581 286 1631 eum
315 1583 454 1657 semper
478 1569 513 1628 te
539 1569 575 1629 et
599 1555 746 1657 privatis
777 1556 816 1627 in
849 1553 953 1630 rebus
986 1569 1023 1630 et
1055 1557 1209 1657 publicis

202 1684 426 1785 praestitisti,
458 1682 588 1757 tuenda
623 1682 688 1756 tibi
720 1696 761 1754 ut
786 1683 832 1755 sit
857 1684 1028 1783 gravitas,
1060 1698 1098 1758 et
1122 1711 1209 1759 cou-

201 1810 351 1883 stantiae
376 1809 609 1884 serviendum.
637 1809 746 1907 Nam,
772 1808 870 1909 quod
895 1807 1041 1883 allatura
1060 1824 1115 1885 est
1130 1812 1206 1910 ipsa

204 1934 432 2036 diuturnitas,
457 1962 547 2038 quae
572 1937 743 2008 maximos
768 1933 884 2009 luctus
901 1949 1075 2009 vetustate
1097 1935 1209 2036 tellit,

204 2060 243 2134 id
266 2088 332 2136 nos
363 2065 564 2163 praecipere
582 2063 613 2129 ¹4
639 2062 784 2135 consilio
817 2061 1075 2164 prudentiaque
1102 2062 1206 2136 debe·

204 2213 292 2262 mus.
316 2192 457 2292 Etenim
484 2192 513 2262 si
539 2188 633 2261 nulia
659 2215 826 2291 umquam
850 2188 933 2287 fuit,
962 2188 1080 2262 liberis
1106 2190 1207 2262 amis-

204 2294 252 2386 sis
270 2317 310 2412 ¹⁵,
335 2328 407 2387 tam
431 2314 608 2388 imbecillo
634 2315 758 2388 mulier
782 2316 918 2413 animo,
944 2341 1034 2416 quae
1051 2341 1124 2388 uon
1143 2315 1205 2387 sli-

203 2437 346 2540 quando
371 2438 513 2538 lugendi
538 2440 684 2513 modum
709 2441 846 2516 fecerit:
879 2455 973 2515 certe
998 2467 1083 2538 uos,
1108 2442 1204 2543 quod

202 2577 257 2636 est
282 2563 356 2638 dies
381 2564 543 2663 allatura,
567 2565 606 2638 id
631 2566 776 2641 consilio
813 2568 984 2642 anteferre
1017 2566 1203 2666 debemus,

201 2715 315 2791 neque
339 2705 541 2790 exspectare
567 2695 734 2793 temporis
761 2695 990 2792 medicinam,
1014 2720 1121 2796 quam
1147 2721 1202 2768 re-

200 2830 423 2914 praesentare
442 2820 472 2869 ¹⁶
497 2819 632 2891 ratione
659 2822 842 2920 possimus.
871 2823 934 2894 His
961 2848 1026 2919 ego
1045 2819 1154 2893 literis
1171 2822 1201 2892 si

100 2984 102 2989 ·
202 2941 287 3042 quid
311 2942 548 3044 profecissem,
572 2946 813 3018 existimabam
839 2947 1034 3048 optandum
1052 2962 1081 3013 ¹7
1101 2945 1202 3048 quid·

202 3065 284 3140 dam
309 3095 366 3141 me
392 3095 466 3144 esse
492 3086 703 3145 assecutum:
737 3073 790 3146 sin
816 3075 930 3147 miuus
956 3073 1045 3147 forte
1073 3072 1200 3145 valuis-

202 3209 296 3295 sent,
325 3197 441 3272 officio
467 3213 584 3272 tamen
611 3226 685 3272 esse
718 3199 920 3274 functurum
939 3202 968 3251 ¹⁸
994 3198 1200 3272 benivolen-

201 3321 325 3396 tissimi
356 3339 460 3427 atque
490 3327 706 3425 amicissimi,
731 3353 835 3428 quem
861 3354 917 3400 me
943 3327 1006 3400 tibi
1032 3340 1069 3400 et
1094 3325 1198 3398 fuisse

200 3471 339 3549 semper
357 3453 531 3528 existimes
557 3453 680 3551 velim,
705 3468 742 3527 et
766 3453 919 3526 futurum
938 3480 1013 3527 esse
1032 3450 1197 3526 confidas.
