2624 4830
494 462 527 510 nr
553 463 736 510 arrsroms
1037 439 1107 540 507

153 565 296 629 CCCLVI
323 563 382 646 Α),
408 568 503 646 inquit
530 564 693 648 Glandarp.
720 569 751 624 iu
778 562 978 626 Ouomastico.
1005 563 1112 627 Credi·

152 678 246 737 ‹lerim
267 694 323 754 ego
344 694 413 769 cum
438 673 568 752 Manut,
588 672 762 734 Scaevolam
784 673 865 734 hunc
888 694 952 734 esse
975 694 1069 733 unum
1094 695 1111 734 e

154 796 240 866 gente
254 783 368 860 Mucia,
387 774 425 840 tle
439 786 500 862 quo
514 784 543 840 in
557 780 607 841 lib.
621 781 659 842 de
672 782 737 841 Fin.
752 783 781 864 l,
797 781 830 866 3,
850 782 871 859 4
890 792 920 841 et
940 803 986 864 ep.
1001 781 1111 842 CXLV

154 892 284 972 aliisque.
1078 923 1080 927 ,

516 1097 697 1164 uocem.

120 1340 130 1378 r
155 1320 201 1379 Sic
218 1315 325 1379 Ambb.
347 1337 457 1378 omues.
479 1318 576 1377 Immo
595 1318 665 1378 Rea.
680 1317 781 1401 Appio
797 1315 946 1392 Pulchra,-
967 1317 1014 1379 ed.
1035 1319 1111 1379 lens.

152 1426 252 1509 Appio
273 1445 336 1485 suo.
355 1425 403 1486 De
415 1425 512 1508 Appio
531 1423 657 1486 Claudio
679 1425 824 1505 Pulchro,
845 1425 1038 1488 celeberrImo
1059 1424 1110 1485 illo

153 1533 313 1615 consulari,
333 1533 372 1594 ad
392 1553 482 1615 quem
504 1535 590 1595 toties
605 1533 704 1594 scribit
720 1535 824 1596 Cicero
839 1536 873 1595 t.
887 1534 926 1593 V.
940 1534 973 1594 C.
987 1534 1111 1611 DCCII,

154 1639 272 1721 intelligi
292 1661 352 1700 non
372 1651 469 1723 potest
489 1640 580 1701 locus.
607 1643 681 1702 Nam
703 1641 750 1702 ille
771 1640 878 1702 morbo
898 1641 1031 1702 sublatus
1050 1642 1111 1700 iam

153 1749 249 1809 fuerat
262 1759 330 1809 ante
344 1747 546 1809 Pharsalicum
567 1749 713 1831 proelium
735 1748 791 1828 (ad
806 1771 854 1832 ep.
865 1749 984 1827 DCLV,
997 1771 1026 1808 n.
1045 1747 1111 1831 ra),

152 1858 263 1916 utiam
284 1858 399 1916 monuit
425 1856 579 1917 Graevius.
606 1856 679 1918 Belli
705 1857 795 1916 civilis
818 1866 953 1938 tempore
981 1854 1112 1916 duo.alii

153 1966 253 2046 Appii,
267 1963 300 2022 P.
315 1962 411 2024 Clodii
425 1984 460 2024 ex
473 1963 563 2024 fratre
577 1974 716 2046 nepotes,
730 1967 876 2044 exstitere,
894 1964 931 2022 de
945 1963 1054 2044 quibus
1068 1974 1112 2024 est

155 2074 264 2132 mentio
277 2073 308 2131 in
323 2092 389 2154 epp.
412 2070 578 2153 CCXXIII,
592 2093 610 2131 a
624 2071 725 2152 (Fam.
740 2072 827 2150 VIII,
839 2069 878 2152 8)
892 2081 921 2130 et
933 2070 1111 2130 DCCCXIX

154 2180 255 2256 (Fam.
268 2179 327 2260 xl,
341 2183 406 2253 aa).
427 2179 593 2257 Manutius,
613 2177 719 2240 Lamb.
732 2179 806 2240 Ern.
827 2190 857 2239 et
878 2178 986 2239 schulz
1010 2176 1110 2240 Cicera

154 2285 280 2370 Ampio,
300 2297 336 2346 ut
355 2289 392 2346 sit
412 2288 535 2370 Ampius
546 2285 672 2370 Balbus,
693 2289 744 2369 qui
764 2287 798 2349 Α.
821 2286 856 2347 V.
878 2286 911 2347 C.
931 2277 1011 2347 Dec
1025 2307 1111 2348 exsu-

152 2392 251 2475 labat3
271 2414 317 2476 ep.
336 2393 447 2454 DXIV.
842 2440 846 2446 .

112 2521 131 2559 a
152 2499 256 2560 Lamb.
277 2511 307 2561 et
326 2502 418 2561 nostri
438 2510 531 2582 quatt.
552 2502 682 2584 itemque
703 2500 770 2563 edel
791 2500 870 2562 Met
892 2511 922 2562 et
949 2501 1024 2562 lens.
1041 2520 1110 2562 cum

151 2607 257 2670 Lamb.
278 2628 458 2688 cognoscere.

114 2716 132 2773 3
153 2715 240 2776 emb.
263 2737 280 2796 7
302 2737 394 2797 neque
415 2716 460 2776 iis.

111 2823 132 2898 4
152 2824 308 2884 Rationem
330 2823 417 2884 affert
437 2824 603 2902 Manutius,
624 2826 692 2905 quia
714 2824 822 2885 sellicet
842 2824 947 2884 Cicero
968 2822 1026 2882 hoc
1039 2833 1114 2889 tem·

149 2951 223 3013 pore
243 2933 435 2992 amicissimus
455 2943 520 2994 erat
539 2932 768 2992 familiarissimis
785 2932 931 3008 Caesaris,
944 2952 962 2990 a
976 2951 1036 3012 quo
1050 2949 1113 2990 uno

151 3041 250 3098 omnia
283 3038 481 3118 tenebantur,
515 3050 551 3100 ut
580 3039 682 3102 videre
717 3051 762 3100 est
795 3043 826 3100 lu
859 3061 925 3122 epp.
956 3037 1057 3098 DXlV
1083 3046 1114 3097 et

152 3143 346 3206 ucxxxvt.

109 3248 257 3314 5Lamb.
283 3254 368 3314 nulla
392 3256 422 3314 in
442 3276 481 3316 m.
503 3254 604 3314 simite
632 3264 675 3315 est
701 3250 789 3313 illud:
816 3252 911 3323 alicui
936 3252 1018 3312 nullo
1046 3251 1112 3311 loco

148 3357 250 3421 deesse
268 3359 280 3444 (
291 3382 338 3444 ep.
359 3360 562 3441 DCXCVll),
582 3371 617 3421 ut
636 3363 696 3420 iam
716 3359 790 3420 vidit
809 3358 926 3420 Ernest.

522 3681 705 3756 Dcccuxl.

119 3912 130 3950 r
155 3891 365 3969 Quattuorviri
380 3906 409 3955 et
421 3896 604 3957 Decurioaea
617 3895 656 3955 ad
670 3916 716 3978 ep.
732 3894 980 3973 DCCCXLVIII,
993 3916 1022 3956 n.
1037 3915 1073 3975 7,
1087 3905 1117 3954 et

152 3999 234 4081 apud
255 3999 395 4063 Mamali.
417 4004 448 4062 ia
468 4002 567 4065 Tubb.
589 4001 708 4065 IIerad.
729 4002 763 4064 P.
784 4002 842 4085 Ill,
863 4024 889 4065 c.
903 4003 942 4086 V,
957 4022 1025 4085 pag.
1039 4002 1117 4077 401,
1175 4047 1177 4052 ¹
