2624 4830
482 437 515 486 in
542 435 724 486 rrrsrouo
1029 413 1102 512 409

526 706 669 811 noceri.

109 987 117 1025 1
143 966 274 1048 Epistola
295 987 358 1048 sup.
379 967 424 1025 De
444 965 569 1048 publicis
589 967 680 1027 literis
694 987 720 1024 v.
737 942 783 1048 ep.
800 963 924 1043 CCXH,
940 988 968 1028 n.
983 967 1012 1044 4.
1032 967 1102 1029 Mox

143 1078 233 1133 nostri
255 1085 385 1155 quatuor
405 1095 473 1133 curn
495 1073 542 1135 ed.
564 1071 644 1134 Med.
662 1088 843 1155 prosecutur.

106 1202 123 1239 α
145 1181 271 1258 Larnb.,
292 1184 407 1241 inverso
429 1181 546 1262 ordine,
571 1181 617 1242 ad
641 1197 668 1242 te
693 1184 806 1266 ipsum,
827 1193 930 1243 contra
950 1182 1036 1242 codd.
1058 1194 1102 1265 et,

147 1300 180 1347 ut
200 1289 330 1368 ridetur,
352 1292 540 1349 sententiam:
563 1311 601 1350 sc.
623 1292 720 1373 ipsum
735 1290 774 1349 ad
788 1290 969 1351 Varisidium
991 1289 1101 1373 refero,
1197 1335 1240 1343 .-
1302 1352 1307 1364 ,

146 1408 180 1456 ut
201 1400 250 1477 sit,
271 1396 450 1457 Varisidium
471 1400 584 1479 ipsum,
604 1396 634 1457 h.
656 1421 680 1459 e.
702 1419 771 1459 eum
791 1420 863 1481 prae
884 1401 995 1459 ceteris.

109 1501 268 1584 dsMedr‘us
288 1505 411 1576 Fidius,
433 1505 479 1564 vel
500 1527 546 1565 me
567 1504 635 1564 dius
656 1504 779 1588 Fidius,
800 1506 846 1566 vel
864 1505 1102 1566 medius-Fidim

147 1611 299 1693 scribitur3
320 1613 356 1671 ef.
379 1633 424 1694 ep.
446 1612 659 1672 CDXXXVlll
681 1625 749 1673 ante
770 1613 847 1674 med.

105 1720 126 1795 4
146 1721 207 1796 Qui
228 1731 295 1779 ante
317 1741 364 1779 me
384 1718 494 1779 bonam
515 1720 697 1780 voluntatem
719 1723 748 1780 in
770 1741 834 1780 rem
856 1719 939 1803 publ.
955 1733 1104 1803 suntpro·

145 1826 220 1886 fessi.
247 1825 369 1886 Corrad.
396 1828 465 1887 Mox
485 1827 647 1917 Lambipus
668 1827 840 1888 coniiciebat
863 1850 955 1910 risque
975 1848 1009 1887 eo
1030 1828 1105 1887 mihi

147 1947 182 2005 t.,·
197 1954 257 1993 non
271 1937 444 1994 necessario.
466 1934 571 1994 Melius
586 1938 731 2017 coniunge
745 1957 837 2017 usque
851 1934 936 2007 dum,
959 1946 993 1995 ut
1005 1933 1103 1995 Plout.

146 2042 223 2101 Men.
246 2042 284 2119 V,
310 2063 339 2120 r,
362 2041 416 2119 28,
439 2055 468 2102 et
482 2043 585 2107 Cicero
600 2046 661 2125 ipse
674 2043 760 2103 Verr.
782 2041 859 2118 1,5.
881 2042 1046 2123 Separatim
1060 2052 1105 2102 est

149 2151 235 2209 etiarn
258 2171 304 2232 ep.
326 2150 457 2209 DCLVl.
479 2152 559 2210 Tum
581 2170 637 2232 pro
657 2151 830 2231 temperavi,
852 2160 951 2209 noster
972 2170 989 2228 7
1012 2149 1105 2230 impe·

148 2258 226 2334 ravi,
247 2267 281 2316 ut
301 2278 367 2339 epp.
382 2256 493 2333 ccxl,
516 2259 533 2316 3
555 2269 585 2318 et
606 2258 784 2317 CCLXXlX
799 2257 855 2316 sub
869 2261 929 2317 inii.
951 2255 1037 2317 Nolui
1052 2276 1105 2317 ex·

148 2363 257 2446 plicare
277 2366 430 2426 consilium
452 2386 567 2448 meum,
589 2365 686 2427 donec
705 2377 759 2426 etr.
781 2366 820 2425 In
833 2367 1001 2444 consulatu,
1015 2384 1106 2446 quem

28 2544 32 2549 .
147 2485 282 2551 gesturus
303 2484 366 2533 erat
386 2493 462 2533 anno
484 2493 543 2554 seq.

107 2578 129 2639 5
149 2580 231 2640 Idem
252 2602 286 2641 ac
313 2584 344 2641 in
367 2595 532 2661 posterum,
559 2593 588 2641 et
614 2581 792 2642 subauditur
817 2595 947 2665 tempus,⁸
973 2590 1007 2641 ut
1034 2578 1104 2640 Sall.

149 2688 212 2768 lug.
234 2689 288 2764 42:
311 2689 438 2771 Plusque
459 2692 489 2749 in
509 2690 655 2771 reliquum
676 2689 733 2749 sibi
752 2689 879 2771 timoris,
899 2709 991 2769 quam
1003 2700 1107 2769 poten·

149 2797 208 2855 tiae
227 2795 354 2856 addidit.
375 2799 413 2857 Ar
440 2798 563 2879 Caesar,
590 2798 660 2858 Bell.
682 2798 757 2858 Gall.
780 2798 836 2876 lll,
862 2795 913 2879 16,
934 2807 965 2859 et
985 2795 1044 2856 cic.
1068 2793 1106 2855 de

149 2905 221 2986 Leg.
243 2906 312 2983 Agr.
330 2906 359 2981 1,
380 2905 415 2981 4,
435 2906 522 2987 plene
543 2907 573 2965 in
593 2907 738 2988 reliquum
758 2920 880 2988 tempus.

110 3009 131 3070 6
151 3011 236 3071 Amb.
264 3011 298 3071 15
319 3023 349 3071 et
369 3012 436 3072 edd.
459 3034 503 3094 pr.
524 3014 589 3074 Fac
610 3027 640 3073 ut
659 3014 768 3074 valeas.

534 3315 687 3394 neceni.

117 3570 128 3607 1
153 3549 377 3630 Quum'bhobuit
390 3550 515 3632 Philipp.
529 3551 581 3609 Xl.
596 3547 648 3609 Ad
657 3547 819 3630 populum,
841 3565 917 3626 quae
932 3546 1037 3605 concio
1050 3561 1111 3604 non

152 3669 254 3718 exstat
270 3658 385 3719 Manat.
400 3657 486 3718 Δηὼ.
500 3656 520 3717 6
533 3656 618 3739 apud
626 3656 786 3740 populum,
803 3664 835 3714 ut
849 3653 927 3712 olias.
942 3650 1035 3733 lnfra,
1049 3649 1111 3712 duo

152 3764 261 3826 Ambb.
282 3786 324 3826 ecc
345 3768 417 3826 meis
437 3778 464 3826 te
484 3765 574 3826 niolo.

111 3893 130 3932 α
152 3872 195 3932 Vt
213 3885 247 3934 lu
268 3873 384 3948 Syriam
405 3873 553 3936 obtineres
572 3874 637 3956 (ep.
662 3869 839 3948 Dccxess)
860 3867 899 3928 od
924 3866 1110 3928 Dolabellam

154 3980 401 4062 persequendum.
424 3981 501 4042 Vide
522 3979 596 4042 Phil.
619 3980 678 4059 Xl,
701 4000 735 4056 7,
761 4000 804 4039 rr.
828 3977 938 4037 amsi.
