2624 4830
163 411 230 486 136
449 391 624 477 errsrorr
655 426 849 474 ccccxxvrr.
940 423 1133 486 rr.r.c.710

157 551 217 610 aut
241 537 316 635 ipse
342 559 362 604 a
388 532 576 604 certamine
600 529 684 602 belli
710 543 781 600 tarn
808 526 992 598 necessarii
1017 551 1075 598 rne
1099 552 1154 600 re·

156 662 351 736 movissem.
377 659 501 759 Itaque
526 657 644 758 potius
670 652 856 756 periclitari
881 652 995 749 volui,
1018 654 1051 727 si
1075 677 1156 755 pos-

153 813 225 860 sem
245 804 261 852 9
285 810 362 856 mea
388 784 584 882 praesentia
610 795 646 855 et
670 780 846 881 Lepidum
864 780 971 877 tueri,
995 794 1032 852 et
1057 805 1153 853 exer-

153 913 261 985 citum
287 911 397 984 lacere
424 909 621 1006 meliorem,
647 932 751 1008 quarn
769 907 872 978 nimis
891 918 1014 978 cautus
1032 906 1152 979 videri.

153 1035 391 1110 Solicitiorem
410 1048 504 1108 certe
520 1033 717 1130 hominem,
732 1057 805 1104 non
823 1031 893 1103 suis
910 1033 1155 1128 contmctis10,

151 1161 326 1234 neminem
352 1172 440 1259 puto
466 1159 579 1231 luisse.
607 1157 715 1254 Nam,
741 1182 830 1257 quae
854 1182 909 1228 res
932 1154 1064 1229 nullam
1092 1155 1152 1228 lra-

87 1298 89 1305 '
151 1283 259 1359 bebat
277 1284 548 1382 dubitationem,
566 1285 593 1356 si
616 1283 785 1356 exercitus
802 1280 925 1382 Lepidi
944 1281 1037 1354 absit
1052 1297 1092 1382 ¹¹,
1109 1308 1148 1354 ea

148 1436 247 1484 nunc
280 1436 440 1508 magnam
474 1410 574 1483 allent
608 1407 886 1505 solicitudinem,
917 1433 1151 1508 magnumque

151 1534 259 1609 habet
284 1562 412 1608 casum.
444 1534 532 1607 Mihi
560 1534 655 1606 enim
688 1535 717 1606 si
750 1535 964 1631 contigisset,
988 1548 1029 1606 ut
1054 1535 1152 1635 prior

152 1680 369 1750 occurrerem
387 1661 560 1757 Antonio,
585 1685 657 1734 non
683 1659 896 1733 mehercules
921 1658 1045 1732 horam
1063 1684 1146 1732 con·

150 1787 309 1860 stitisset:
335 1801 472 1860 tantum
500 1813 565 1885 ego
591 1800 627 1859 et
654 1786 740 1858 milri
758 1785 914 1883 confido,
938 1798 975 1856 et
1000 1787 1051 1858 sic
1077 1813 1150 1886 per-

150 1913 263 1988 culsas
282 1929 312 1964 ¹²
337 1912 428 1999 illius
461 1915 598 2014 copias,
627 1911 855 2013 Ventidiique
888 1911 1055 1984 Molionis
1093 1938 1150 1984 ca-

150 2053 220 2113 stra
248 2039 413 2140 despicio.
444 2039 514 2112 Sed
538 2064 611 2112 non
636 2063 779 2139 possum
797 2063 870 2111 non
888 2037 1150 2135 exhorrescere,

152 2164 181 2237 si
206 2165 291 2265 quid
317 2166 409 2238 intra
436 2179 552 2238 cutem
578 2165 698 2238 subest
715 2164 869 2238 vulneris
883 2166 923 2261 ¹³,
940 2165 1039 2266 quod
1056 2167 1149 2264 prius

148 2312 276 2399 nocere
302 2303 436 2389 potest,
469 2318 574 2392 quam
607 2293 687 2364 sciri
719 2292 902 2393 curarique
927 2293 1047 2391 possit.
1080 2289 1148 2364 Sed

150 2405 244 2487 certe
267 2415 333 2487 nisi
358 2441 429 2489 uno
454 2417 533 2489 loco
560 2443 616 2489 me
643 2432 798 2490 tenerem
811 2417 852 2516 ¹4,
871 2443 1035 2515 magnum
1062 2419 1149 2517 peri·

149 2538 266 2612 culum
296 2543 372 2640 ipse
403 2543 575 2643 Lepidus,
610 2570 774 2642 magnum
801 2570 842 2616 ea
871 2570 951 2643 pars
978 2546 1146 2617 exercitus

149 2664 277 2762 adiret,
301 2693 390 2767 quae
415 2667 505 2740 bene
532 2669 638 2742 dere
663 2669 803 2769 publica
830 2671 946 2742 sentit.
980 2671 1143 2767 Magnam

41 2832 45 2839 -
148 2788 252 2863 etiam
271 2791 398 2891 perditi
416 2792 534 2867 hostes
561 2796 796 2868 accessionem
823 2794 887 2867 sibi
915 2795 1093 2892 fecissent,
1116 2797 1143 2865 si

147 2941 233 3016 quas
259 2920 378 3017 copias
405 2945 424 2991 a
448 2919 585 3020 Lepido
610 2921 866 2994 abstraxissent.
901 2922 1001 3011 Quae
1027 2921 1054 2992 si
1082 2920 1143 2991 ad·

145 3054 271 3133 rentus
297 3069 393 3118 meos
420 3033 620 3146 represserit
640 3051 681 3145 ¹⁵,
705 3073 805 3145 agam
832 3046 958 3145 gratias
984 3045 1143 3118 fortunae
1195 3116 1199 3121 .

146 3171 431 3274 constantiaeque
455 3200 571 3272 meae,
597 3201 685 3276 quae
712 3175 756 3246 ad
785 3173 876 3246 hanc
894 3173 1142 3273 experientiam

144 3298 318 3371 excitavit.
345 3301 467 3401 Itaque
485 3327 513 3372 a.
534 3300 567 3372 d.
587 3301 662 3373 XII
680 3299 827 3373 Kalend.
854 3301 973 3373 Iunias
988 3298 1034 3372 ab
1052 3302 1142 3373 Isara

142 3439 255 3497 castra
282 3427 393 3500 mori:
419 3441 564 3526 pontem
591 3440 728 3525 tamen,
753 3452 858 3528 quem
887 3426 922 3497 in
946 3424 1041 3499 Isara
1059 3424 1145 3497 lece

141 3532 233 3646 ram,
266 3551 415 3624 castellis
449 3552 587 3626 duobus
621 3553 666 3626 ad
692 3553 806 3652 capita
835 3552 978 3651 positis,
1002 3551 1143 3653 reliqui,

141 3675 382 3777 praesidiaque
408 3667 457 3749 ibi
483 3680 581 3752 lirma
614 3679 737 3778 posui,
770 3692 810 3750 ut
842 3679 997 3751 venienti
1031 3680 1141 3750 Bruto

140 3800 373 3901 exercituique
405 3803 479 3875 eius
504 3806 578 3876 sine
602 3831 700 3879 mora
727 3806 893 3878 transitus
921 3817 1015 3876 esset
1035 3829 1139 3905 para-

141 3935 206 3996 tus.
230 3925 327 4026 Ipse,
353 3939 393 3997 ut
416 3953 537 4027 spero,
563 3929 685 4003 diebus
710 3945 808 4027 octo,
834 3927 961 4030 quibus
987 3927 1051 4005 lras
1070 3927 1140 3997 lite

138 4074 196 4127 ras
220 4051 364 4153 dabam,
389 4079 471 4130 curn
496 4056 623 4159 Lepidi
650 4057 760 4158 copiis
785 4083 841 4128 me
868 4055 1086 4152 coniungam.
