2624 4830
481 455 515 502 m
543 451 722 504 erroroxts
934 513 938 523 ,
1027 430 1099 534 493

95 580 114 638 7
138 555 207 617 Scil.
229 557 425 638 promittitur,
453 557 736 618 reservatur.·Aruro
764 560 934 620 consulatus
959 561 1003 621 tui
1008 606 1018 641 ,
1042 561 1101 623 hoo

140 678 185 726 est
210 667 239 724 in
266 685 377 724 onnrun
398 664 435 725 V.
457 663 489 724 C.
510 664 646 725 DCCXll
673 686 741 725 cum
768 667 809 728 Μ.
830 667 939 752 Bruto,
966 689 1000 729 ex
1024 670 1100 731 desi-

136 775 277 855 gnatione
298 771 331 832 C.
353 772 495 834 Caesaris.
520 772 625 834 Vestro
644 794 723 836 armo
738 773 808 836 dixit
822 778 853 837 in
866 797 912 860 ep.
927 777 1098 838 DCCLXll.

523 1094 676 1156 necent.

104 1333 114 1370 ι
141 1310 190 1369 Sic
210 1309 295 1372 multi
316 1308 386 1370 libb.
409 1329 478 1370 oum
501 1309 609 1371 bamb.
630 1321 660 1372 et
680 1310 825 1374 Emestio.
845 1313 884 1374 At
904 1311 965 1375 duo
985 1313 1093 1374 Ambb.

139 1439 207 1478 cum
234 1417 372 1478 Schultzio
398 1419 460 1478 sine
486 1420 679 1502 praenomine
702 1418 734 1480 C.
755 1418 811 1479 Ed.
837 1420 893 1482 llo.
919 1420 949 1481 C.
973 1421 1095 1483 Cassius

131 1549 233 1609 prou,
254 1538 284 1586 et
296 1525 398 1586 Ambr.
418 1544 464 1606 m,
478 1524 545 1586 edd.
566 1525 682 1586 Emest.
697 1547 766 1587 cum
779 1527 888 1588 Graev.
905 1526 1026 1589 Cassius
1042 1529 1095 1612 Q,

137 1634 246 1694 scilicet
263 1632 385 1694 Cassius
400 1633 554 1717 Quaestor.
569 1632 678 1695 Ambb.
693 1654 711 1693 2
725 1645 756 1695 et
774 1634 808 1694 13
822 1634 978 1709 Lentulus,
1000 1634 1046 1695 rel
1060 1636 1094 1696 P.

135 1740 292 1810 benardus
305 1740 351 1801 ed
365 1740 446 1802 Med.
459 1742 493 1803 P.
506 1741 646 1803 Lentulus
657 1757 862 1825 pmquoestor.
877 1745 953 1822 Quis
964 1742 1011 1804 hic
1024 1743 1094 1805 Cus-

134 1851 193 1907 sius
214 1849 319 1932 fuerit,
338 1851 485 1910 incertum
499 1860 551 1909 est
572 1848 761 1910 Probabilius
774 1851 870 1910 risum
883 1861 927 1910 est
940 1851 1093 1929 Scbtttzio,

133 1956 222 2017 luisse
242 1957 277 2016 L.
298 1955 452 2037 Cassium,
473 1955 593 2017 alterius
613 1956 646 2017 C.
668 1956 759 2017 Cassii
784 1957 968 2039 proconsulis
989 1961 1092 2042 (epist.

132 2063 344 2142 DCCXCVll)
365 2084 400 2125 ex
419 2063 509 2125 fratre
529 2075 688 2146 nepotem,
708 2084 798 2146 quem
812 2075 913 2125 aurat
926 2067 1092 2148 Appianas,

133 2170 166 2229 B.
188 2170 249 2233 Cir.
273 2171 325 2255 lV,
350 2170 405 2232 135
425 2173 455 2231 in
476 2170 589 2255 proelio
609 2170 791 2255 Philippensi
809 2171 878 2232 data
892 2192 983 2254 opera
996 2193 1092 2254 usque

133 2277 172 2337 ed
192 2298 296 2339 necem
315 2298 471 2362 pugnasse.
492 2279 568 2339 Nam
588 2278 671 2361 quod
692 2277 825 2339 Strothio
845 2280 876 2340 in
896 2290 1025 2338 urentem
1039 2300 1092 2339 ve·

130 2388 190 2468 nit,
209 2383 286 2446 hanc
313 2385 468 2469 epistolam
494 2408 513 2446 a
538 2385 667 2448 Lentulo
693 2388 831 2470 scriptam
858 2406 936 2465 esso,
962 2383 1094 2465 eodem,

132 2495 216 2552 cuius
236 2503 305 2554 sunt
326 2515 392 2577 epp.
411 2493 601 2554 Dccctrut
616 2503 647 2555 et
658 2492 875 2574 DCCCXLlll,
890 2492 919 2553 id
934 2503 1093 2577 propterea

131 2599 246 2661 admitti
267 2622 328 2661 non
352 2611 467 2685 potest,
491 2601 574 2685 quod
600 2600 744 2662 Lentulus
764 2600 813 2662 ille
833 2621 859 2660 a.
881 2600 910 2661 d.
932 2602 995 2661 llll.
1016 2602 1091 2662 Non.

131 2707 196 2768 lun.
217 2711 248 2769 in
268 2707 445 2793 Pamphylia
458 2719 537 2789 erut,
557 2708 658 2792 ibique
678 2712 709 2770 in
729 2707 879 2790 exigendis
893 2709 1024 2792 pecuniis
1037 2727 1091 2767 oc-

130 2825 272 2898 cupatus,
293 2827 327 2877 ut
346 2815 429 2877 nullo
448 2816 542 2878 modo
567 2815 669 2878 ldibus
695 2817 759 2878 lun.
780 2819 810 2877 in
830 2816 930 2899 Cypro
950 2836 1013 2876 esse
1032 2835 1090 2898 po-

131 2925 229 2983 tuerit.

90 3048 110 3088 n
132 3028 214 3090 llaec
234 3029 273 3091 ab
294 3030 442 3114 aliquibus
463 3051 530 3093 mss.
552 3030 675 3114 absunt3
697 3052 715 3090 a
735 3031 864 3091 Graerio
889 3041 990 3091 autem
1016 3029 1090 3090 scri·

131 3135 246 3197 buntur
265 3138 296 3200 S.
316 3138 354 3200 V.
376 3139 408 3199 B.
429 3139 465 3201 Ε.
486 3140 523 3201 Ε.
545 3140 583 3217 Q.
604 3139 642 3201 V.

89 3243 109 3302 3
131 3245 322 3306 Renorantur
342 3249 420 3308 enim
440 3258 511 3307 tuae
531 3245 634 3307 laudes
655 3247 745 3329 (quos
767 3265 800 3305 ex
821 3242 993 3304 Catilinario·
1015 3262 1089 3303 con·

128 3354 274 3415 iuratione
295 3355 443 3437 patefacta
463 3354 566 3415 consul
586 3353 712 3436 adeptus
732 3350 780 3434 es)
801 3352 922 3413 victoria
941 3351 1091 3410 Mutinen-

129 3461 171 3542 si,
196 3481 214 3519 a
238 3461 296 3521 tuis
322 3464 451 3521 maxime
477 3460 602 3522 consiliis
626 3462 768 3544 profecta.
794 3458 956 3520 llloautius.
982 3457 1089 3539 Respi-

126 3569 167 3625 cit
187 3567 304 3628 Cassius
324 3568 363 3628 ad
384 3568 413 3629 d.
435 3570 491 3628 llll
512 3568 578 3630 Kal.
600 3569 686 3650 Mai,
712 3586 774 3650 quo
795 3565 858 3646 die,
882 3563 983 3625 audita
1002 3563 1088 3623 Bruti

130 3673 244 3733 Mutina
265 3678 421 3758 eruptione
442 3676 573 3759 iugoque
587 3677 719 3757 Antonii,
739 3696 757 3734 a
777 3684 840 3735 toto
860 3693 956 3756 paene
976 3668 1088 3754 populo

129 3781 157 3838 in
179 3780 356 3864 Capitolium
379 3795 422 3844 est
443 3783 588 3844 deductus
609 3781 730 3865 Cicero,
753 3783 944 3863 maximoque
958 3778 1094 3839 clamore·

128 3899 159 3945 et
180 3887 285 3969 plausu
306 3895 334 3950 iu
357 3895 457 3952 rostris
486 3891 661 3970 collocatus,
687 3889 761 3952 Phil.
786 3890 869 3969 XIV,
888 3888 916 3950 5.
939 3885 1025 3951 Amb.
1051 3883 1087 3946 15

122 3994 326 4071 grtrtdeauutss
351 4013 445 4061 tumen
467 3999 685 4060 irutaurutioue.
987 3996 990 4003 ’
