2624 4830
330 458 333 463 ν
453 395 488 443 m
515 394 702 451 cataronis,
1001 374 1068 468 431

50 552 53 561 .
109 497 239 560 Dresdd.
259 519 269 557 ι
288 508 318 558 et
338 517 356 556 a
379 507 409 557 et
428 497 491 557 Pal.
511 520 521 558 t
538 513 566 560 et
580 513 697 560 nostroe
710 498 753 558 rei
762 500 845 580 pall.
857 520 969 577 causa,·
992 502 1075 584 quod
1111 558 1114 565 .

109 605 287 667 Benedictus
308 606 427 688 recepit.

68 716 87 774 3
109 718 279 799 Apparere,
305 715 405 774 conari
431 712 544 795 aliquid
568 734 625 797 pro
654 692 688 775 re
713 712 796 798 pubi.
821 715 927 776 Lamb.
948 716 1078 801 Aliquid

108 825 210 884 aroliia'
228 832 348 905 praeter
367 825 580 884 necessitatem.
601 823 709 885 Moliri
733 821 869 885 obsolute
896 823 1009 886 dietum
1030 837 1075 888 est

109 930 190 1016 apud
212 932 333 991 Terent
360 930 468 992 Heaut.
490 930 531 1009 ll,
553 951 589 1012 a,
614 952 663 990 11:
688 932 772 991 Dum
798 932 974 1013 moliuntur,
1000 931 1074 993 dum

108 1053 273 1119 comantur,
292 1060 389 1100 annas
409 1052 469 1108 ectr
496 1049 527 1101 ct
547 1041 644 1122 ipsum
671 1037 731 1100 Cic.
752 1038 839 1100 Verr.
860 1038 898 1117 V,
919 1039 973 1117 34:
994 1038 1074 1101 Evo-

108 1149 190 1209 larat
202 1148 265 1208 iam
277 1180 319 1191 -
330 1145 546 1228 qrcadn'remis,
570 1169 662 1231 quum
675 1147 765 1208 etiam
779 1160 848 1210 tunc
859 1161 971 1209 ceterae
984 1168 1074 1211 aava

108 1277 162 1315 suo
183 1255 214 1315 in
228 1256 293 1314 loco
308 1252 519 1327 moliebantum
542 1266 572 1315 et
585 1276 633 1339 ep.
647 1255 808 1337 DXXVlI,
828 1265 889 1316 not.
908 1277 939 1315 ιι
952 1276 958 1315 :
973 1256 1073 1338 Agara

104 1383 225 1444 pernae
246 1364 309 1444 ipse
328 1375 357 1422 el
375 1362 494 1422 aeoliae.
878 1423 880 1427 ,

64 1471 88 1546 4
108 1468 175 1531 Hoc
189 1469 315 1531 alterum
326 1471 474 1553 patalam
487 1469 607 1531 videtur
621 1469 785 1531 obtrudere.
805 1468 956 1553 Explanat
975 1472 1073 1552 Quaa-

105 1579 213 1638 terius:
235 1577 340 1658 ltaque
359 1579 461 1660 scripsi
482 1577 522 1637 ad
542 1588 587 1659 te,
607 1580 755 1660 primum,
776 1579 846 1660 quie
861 1588 890 1641 te
904 1572 1078 1641 existimare

104 1684 265 1769 putabam,
287 1705 342 1746 nos
363 1696 437 1768 etc3
461 1683 584 1762 deiude,
605 1687 675 1767 quia
694 1684 856 1769 putabam,
876 1699 906 1747 te
926 1686 1074 1748 solicitum

106 1814 170 1855 csse
192 1792 230 1853 de
251 1793 345 1854 salute
366 1804 483 1869 nostra,
504 1791 592 1854 etde
613 1814 714 1854 rerum
729 1803 853 1876 eventu,
867 1814 962 1875 quum
977 1796 1072 1878 suspi-

105 1903 228 1983 careris,
248 1921 302 1959 nos
324 1898 420 1962 moliri
441 1899 553 1982 aliquid
576 1920 631 1982 pro
653 1899 789 1982 republ.

62 2009 84 2070 5
104 2008 216 2091 Nempe
237 2008 328 2068 Cassii
349 2006 459 2067 familie
473 2027 532 2067 non
546 2010 616 2068 satis
637 2005 755 2068 favebat
777 2007 926 2087 Ciceroni,
947 2015 1072 2089 propter

104 2118 341 2176 coniunctionem
359 2136 438 2203 ,cuni
461 2116 589 2177 Antonio
610 2124 640 2175 et
659 2113 793 2198 Lepido,
820 2113 858 2174 de
884 2134 943 2196 qua
971 2132 1071 2195 supra.

104 2223 216 2284 Ernest.
238 2222 343 2282 Lamb.
365 2223 532 2292 voluer-ann
561 2242 663 2282 errore
684 2241 863 2305 operarum,
884 2232 967 2304 puto.

60 2330 83 2391 6
104 2331 170 2390 Hac
191 2334 278 2390 etiam
300 2331 452 2391 Weiskius
474 2333 555 2389 tineis
577 2329 706 2409 inclusit,
726 2334 756 2390 in
778 2328 843 2389 cod.
864 2328 964 2411 Mugd„
980 2330 1072 2388 omis·

102 2460 167 2498 sum
189 2450 218 2498 et
239 2441 269 2498 in
289 2448 391 2497 nostro
418 2438 461 2514 14.

62 2566 80 2626 7
103 2545 213 2606 Confer
230 2567 296 2628 epp.
312 2545 473 2604 DCCXCll
488 2556 517 2604 et
532 2543 679 2605 DCCClll
694 2555 767 2606 extr.
789 2545 835 2605 De
851 2542 1004 2604 Trebonio
1018 2560 1071 2601 oc-

103 2655 163 2713 ciso
183 2653 271 2737 plura
287 2656 362 2735 App.
384 2651 455 2712 Bell.
477 2652 539 2712 Civ.
557 2653 615 2730 ΙΙΙ,
636 2650 694 2734 263
715 2651 844 2736 Philipp.
867 2652 928 2734 xl,
949 2670 967 2711 a
989 2668 1071 2731 seqq·

103 2760 174 2819 Mox
194 2757 432 2841 deprehenderit,
452 2757 618 2838 eleganter,
645 2762 740 2842 inquit
759 2760 848 2839 Era,
870 2780 926 2843 pro
947 2779 1072 2843 oppres·

103 2869 174 2927 serit
194 2878 224 2929 et
245 2869 372 2949 ceperit,
393 2877 427 2927 ut
447 2869 529 2928 navis
550 2867 787 2954 deprehenditur
806 2890 825 2930 a
847 2879 1031 2953 tempestato

60 2970 209 3035 8Distuli
234 2974 368 3057 paullum
396 2972 509 3035 bellum
535 2995 648 3057 gerere.
676 2976 741 3058 sic,
768 2988 888 3059 practer
915 2975 983 3037 edd.
1008 2995 1073 3058 pn,

102 3083 265 3161 Asconius,
291 3081 629 3164 Medicaeus,·li1cnutii
655 3083 743 3144 codd.
774 3094 805 3145 et
830 3082 939 3145 Ambb.
967 3101 1071 3146 omnes

103 3191 212 3272 aliique
233 3190 334 3275 mtrlti;
355 3190 438 3272 quod
457 3201 537 3252 recte
564 3192 725 3274 respondet
744 3193 878 3272 sequenti
904 3212 981 3250 mirre
1009 3191 1072 3248 lana

101 3318 169 3357 som
189 3298 356 3382 expeditus.
380 3297 526 3359 Graevius
547 3297 656 3380 aliique
676 3298 783 3370 liabeo,
806 3297 923 3378 decepti
945 3317 962 3356 a
983 3316 1070 3378 prac-

101 3408 176 3467 scnti
193 3407 342 3489 persolvo,
365 3404 448 3487 quod
468 3404 517 3467 hic
537 3417 616 3467 stare
641 3426 727 3492 posse
747 3426 807 3466 nou
827 3403 982 3486 putebant.

58 3533 81 3595 9
102 3515 264 3573 Antonium
286 3525 316 3574 et
336 3510 534 3574 Dolabellam.
560 3511 685 3575 Comod.

64 3639 101 3685 ιο
122 3619 221 3680 Nostri
242 3620 281 3680 ad
301 3641 395 3681 uuum
418 3639 535 3699 omnes,
557 3620 626 3683 edd.
647 3622 702 3683 Ro.
725 3620 797 3682 lens.
814 3631 844 3679 et
858 3616 964 3679 Lamb.
985 3635 1073 3679 exee-

101 3726 209 3791 ritums
233 3731 332 3789 mitius
354 3739 457 3810 recte,
482 3724 552 3788 aa‘m
579 3741 610 3792 et
636 3728 713 3791 inira
738 3739 883 3810 estquos
902 3725 942 3808 (a
966 3720 1070 3790 Lamb-

100 3845 250 3894 mutatum
278 3840 308 3899 ia
334 3836 451 3919 quem),
472 3849 502 3899 ct
530 3858 620 3922 supra
645 3839 793 3901 exercitur
813 3857 933 3908 oman,-
960 3832 1071 3917 quibus

101 3942 245 4025 exemplis
275 3943 352 4009 adde
381 3967 426 4028 ep.
455 3946 673 4030 Dcccxuttt,
701 3949 735 4034 4.
756 3947 992 4026 Exercitusqroe,
1016 3939 1072 4025 qui
