2624 4830
281 463 348 556 146
576 477 746 527 sersaoni
775 476 964 525 occcxxrn.
1048 471 1080 521 s.
1098 474 1132 522 v.
1150 474 1178 520 c.
1198 485 1244 535 ,ιο

453 707 508 761 Ser.
527 706 622 789 lionae
640 707 670 757 Δ.
688 704 722 757 V.
740 699 776 755 C.
789 702 892 769 DCCX,
910 717 996 754 meme
1013 700 1091 754 Maio.

365 899 408 964 M.
433 895 576 963 CICERO
600 895 631 960 S.
655 894 693 958 D.
718 893 850 959 BRVTO
874 893 956 957 ΙΜΡ.
981 891 1067 959 COS.
1090 891 1178 956 DES.

325 1087 414 1160 Tres
438 1110 511 1159 uno
537 1083 592 1157 die
618 1109 638 1157 a
664 1097 699 1156 te
725 1084 845 1182 accepi
862 1080 1044 1183 epistolas:
1068 1105 1177 1153 unam
1194 1080 1268 1154 hre-

277 1237 374 1311 vem‚
398 1237 501 1313 quam
526 1209 656 1284 Flacco
673 1207 866 1283 Volumnio
893 1206 1056 1305 dederas,
1082 1206 1170 1279 duas
1194 1206 1267 1308 ple·

276 1338 409 1436 mores,
433 1363 579 1443 quarum
605 1336 748 1410 alteram
774 1332 972 1408 tabellarius
997 1334 1041 1407 Τ.
1058 1332 1157 1406 Vibii
1181 1347 1269 1407 attu-

276 1461 334 1562 lit,
358 1463 502 1536 alteram
527 1462 572 1536 ad
598 1488 654 1534 me
683 1462 777 1535 misit
808 1464 938 1561 Lupus.
969 1462 1025 1536 Ex
1051 1459 1120 1534 tuis
1145 1456 1268 1557 literis,

276 1601 314 1664 et
337 1606 410 1666 ex¹
437 1590 596 1663 Graeceii
622 1589 796 1685 oratione,
820 1612 892 1659 non
918 1585 1026 1660 modo
1051 1610 1125 1659 non
1150 1585 1268 1658 restiu-

276 1729 372 1791 crum
389 1714 533 1814 bellum,
549 1714 612 1787 sed
629 1716 733 1787 etiam
750 1711 1003 1789 inflammatum
1022 1710 1170 1786 videtur.
1187 1710 1267 1784 Nou

277 1839 400 1918 dubito
432 1855 565 1941 autem,
591 1867 655 1941 pro
681 1855 740 1913 tua
766 1838 931 1937 singulari
956 1837 1161 1938 prudentia,
1186 1838 1268 1938 quiu

277 1969 483 2073 perspicias,
515 1969 544 2042 si
574 1967 705 2069 aliquid
735 1964 908 2039 firmitatis
940 1978 1064 2037 nactus
1090 1967 1136 2037 sit
1160 1965 1268 2042 Auto-

278 2094 372 2192 nius,
397 2096 513 2168 omnia
539 2108 598 2167 tua
624 2092 680 2169 illa
705 2091 915 2194 praeclara·
940 2091 977 2165 iu
1002 2088 1269 2190 rempublicam

278 2222 402 2296 mer-ira
420 2221 465 2297 ed
482 2219 626 2296 nihilum
644 2246 718 2292 esse
738 2233 891 2292 ventura.
914 2218 967 2290 Ita
985 2217 1079 2289 enim
1096 2216 1267 2290 Romam³

278 2359 353 2418 erat
368 2347 583 2443 nuntiarum,
601 2347 648 2418 ita
668 2341 871 2446 persuasum
888 2342 1069 2444 omnibus,
1087 2369 1168 2417 cum
1185 2368 1268 2444 pau·

278 2470 328 2542 cis
345 2469 550 2567 inermibus,
575 2473 765 2570 perterritis
792 2486 904 2568 metu,
929 2469 1040 2544 l'raeto
1067 2470 1203 2569 animo,
1219 2468 1268 2542 lu·

247 2598 259 2623 ⁰
279 2595 368 2692 gissa
392 2597 585 2670 Antonium
601 2595 627 2668 l.
653 2598 724 2688 Qui
751 2600 779 2668 si
804 2599 852 2669 ita
873 2595 1050 2693 sehabet,
1074 2610 1131 2696 ut,
1156 2621 1270 2697 quem·

279 2719 469 2793 admodum
495 2719 679 2798 audiebam
710 2721 753 2794 de
786 2723 954 2795 Graeceio
973 2725 999 2821 ⁵,
1024 2718 1166 2820 oonfligi
1191 2746 1268 2792 eum

278 2870 321 2918 eo
348 2847 422 2919 siue
447 2845 601 2947 periculo
626 2873 698 2920 non
724 2850 852 2949 possit;
876 2875 950 2921 uon
970 2846 1026 2922 ille
1043 2847 1129 2920 mihi
1147 2847 1268 2946 fugisse

279 2999 298 3044 n
318 2974 453 3047 Mutina
479 2973 633 3074 videtur,
658 2975 721 3048 sed
744 2975 863 3050 locum
886 2975 968 3050 belli
985 2974 1126 3074 gerendi
1146 2988 1269 3047 mutas·

279 3125 324 3172 se.
350 3102 472 3202 ltaque
494 3100 652 3174 homines
672 3102 728 3175 alii
745 3103 828 3174 iacti
846 3117 928 3176 sunt
940 3105 973 3200 ⁶3
990 3100 1150 3175 nonnulli
1167 3101 1268 3173 etiam

279 3241 485 3327 queruntur,
511 3227 607 3329 quod
633 3230 805 3329 persecuti
822 3253 894 3301 non
920 3229 1010 3301 sitis:
1037 3229 1189 3328 opprimi
1206 3251 1268 3326 po·

279 3355 401 3451 tuisse,
418 3355 445 3425 si
463 3353 619 3427 celeritas
637 3354 792 3430 adhibita
810 3370 917 3452 esset,
934 3355 1133 3429 existimant
1146 3371 1171 3424 ⁷.
1189 3353 1269 3424 Om·

278 3478 362 3550 nino
394 3494 448 3552 est
479 3478 547 3552 hoo
572 3480 713 3581 populi,
738 3482 954 3583 maximeque
980 3480 1110 3578 nostri,
1133 3480 1171 3550 in
1195 3478 1268 3550 eo⁸

278 3607 499 3701 potissimum
523 3607 620 3680 abuti
645 3608 820 3708 libertate,
852 3635 915 3709 per
947 3634 1050 3709 quern
1084 3632 1162 3680 eam
1187 3629 1266 3676 conv

279 3743 417 3803 seoutus
443 3731 496 3802 sit.
521 3732 592 3805 Sed
613 3757 731 3810 tamen
748 3734 1008 3836 providendum
1032 3742 1123 3829 ests,
1141 3757 1265 3831 nequa

279 3853 368 3926 iusta
394 3856 531 3955 querela
564 3885 638 3932 esse
662 3865 784 3961 possit.
817 3864 883 3936 Res
908 3887 945 3936 se
963 3877 993 3913 ¹·
1018 3861 1069 3932 sic
1095 3858 1209 3931 habet
1234 3858 1265 3927 ls

279 3976 406 4057 bellurn
425 3982 627 4087 conseperit7
652 3989 711 4091 qui
729 3990 922 4067 Antonium
941 3988 1166 4096 oppresserit
1193 3983 1264 4065 Hor
