2602 4830
254 839 475 922 awanam
500 858 513 902 ι
536 838 584 904 sn
604 837 699 902 tren
726 820 882 901 urban
907 835 965 900 sc.
986 836 1099 903 num
1125 857 1191 900 m
1216 839 1257 900 s-

293 945 432 1031 gnffioet:
453 966 473 1009 2
493 956 528 1008 ut
541 949 572 1008 iu
585 943 751 1030 rempubl.
772 941 943 1019 ineumbat,
962 941 1118 1006 bortatur:
1139 943 1160 1006 3
1180 941 1260 1005 Lura-

285 1054 352 1116 osio
371 1073 403 1116 se
422 1051 561 1116 nullutn
583 1073 616 1114 re
634 1049 811 1113 defuturum
831 1048 1001 1132 pollicetur.

375 1228 1099 1353 'smamsunnccxxmuaupstt

380 1481 426 1547 tt.
454 1482 492 1548 Τ.
522 1480 668 1548 CICERO
700 1482 731 1546 S.
761 1481 795 1544 P.
826 1479 865 1545 D.
896 1479 1128 1547 CORNIFICIO

308 1695 322 1745 1
350 1666 598 1747 Liberalibus¹
624 1668 741 1743 literas
766 1668 889 1771 accepi
920 1682 1016 1768 tuas,
1048 1694 1136 1772 qraas
1167 1667 1258 1744 mibi

252 1796 463 1873 Cornificius
477 1795 588 1872 altero
604 1794 771 1872 vicesimo
797 1793 854 1869 die
871 1812 899 1895 ²,
916 1810 964 1869 ut
989 1792 1150 1895 dicebat,
1173 1793 1258 1870 aad·

253 1923 353 1999 didit.
386 1926 443 2000 Eo
476 1922 533 1998 die
565 1946 639 1997 non
667 1920 732 1994 suit
760 1934 919 2021 senatus,
949 1945 1065 2024 neque
1099 1932 1257 2022 postem.

252 2049 561 2154 Quinquatribus³
577 2048 750 2152 fieqnenti
771 2061 896 2123 senatu
912 2071 1053 2122 causam
1068 2059 1171 2122 tuam
1185 2047 1257 2148 egi,

253 2202 328 2252 non
351 2177 462 2252 invita
487 2177 655 2250 Minerva.
687 2174 832 2248 Etenim
856 2198 899 2249 eo
923 2174 1003 2276 ipso
1029 2171 1086 2247 die
1110 2185 1257 2248 senatun

253 2299 427 2400 decrevit²
448 2315 489 2375 ut
513 2301 674 2375 Minerva
698 2312 835 2400 nostra,
860 2312 980 2375 custus
1004 2298 1120 2400 urbis,
1144 2324 1255 2403 quam

251 2425 356 2500 turbo
386 2426 573 2525 deiecerat,
605 2425 845 2500 restitueretur
859 2423 886 2500 4.
919 2426 1035 2500 Pansa
1064 2437 1144 2499 tuas
1173 2423 1255 2499 iits-

249 2576 308 2625 ras
324 2550 492 2625 recitavit.
518 2551 646 2650 Magna
672 2565 816 2625 senatus
834 2550 1045 2654 approbatio
1062 2563 1255 2626 consecuta

251 2689 306 2750 est
321 2703 403 2749 cum
423 2701 561 2752 summo
588 2677 716 2775 gaudio
733 2680 748 2729 ⁵
776 2692 812 2752 et
834 2677 1028 2752 offensione
1044 2677 1254 2775 Minotauri,

137 2821 140 2823 “
250 2801 290 2877 id
315 2815 386 2901 est,
409 2800 552 2878 Calvisii
577 2817 613 2875 et
637 2805 745 2877 Tauri
761 2808 787 2877 ⁶.
812 2805 963 2878 Factum
993 2803 1038 2876 de
1058 2816 1094 2876 te
1110 2816 1253 2879 senatus

181 3017 185 3027 Ι
221 2998 225 3005 x
252 2926 450 3003 consultum
472 2948 486 2996 r
512 2927 756 3037 honorificias.
780 2927 1128 3028 postulabuntur
1145 2929 1254 3003 etism

249 3053 300 3130 illi
335 3068 557 3131 notarentur:
590 3055 653 3129 sed
687 3057 801 3132 Pansa
834 3055 1048 3131 clementior.
1080 3055 1177 3156 Ego,
1202 3055 1252 3128 mi

250 3181 433 3280 Cornifici,
458 3207 529 3283 quo
556 3181 613 3255 die
636 3183 791 3282 primum
815 3184 853 3256 in
877 3208 978 3284 spem
1001 3179 1174 3255 libertatis
1198 3179 1252 3253 in·

250 3334 385 3407 gressus
409 3335 504 3409 sum,
529 3322 579 3409 et,
601 3311 849 3386 cunctantibus
874 3311 1015 3410 ceteris,
1039 3336 1070 3383 a.
1096 3309 1131 3382 d.
1156 3308 1250 3410 XIII

248 3433 326 3506 Kal.
352 3436 423 3506 lan.
448 3434 675 3511 fundamenta
701 3439 751 3511 rei
777 3435 937 3537 publicae
963 3436 1029 3508 ieci
1046 3452 1073 3534 9,
1098 3459 1144 3509 eo
1169 3435 1249 3535 ipsb

249 3555 306 3628 die
330 3559 471 3657 providi
495 3561 663 3662 multum,
688 3576 793 3664 atque
818 3563 925 3635 habui
944 3564 1117 3636 rationem
1134 3559 1249 3659 digni·

248 3681 331 3754 tatis
356 3697 444 3756 tuae.
470 3685 558 3757 Mihi
583 3689 678 3761 enirn
701 3702 755 3762 est
780 3713 939 3762 assensus
965 3701 1107 3761 senatus
1125 3686 1172 3762 de
1188 3685 1249 3760 ob-

249 3805 401 3881 tinendis
425 3811 625 3908 provinciis.
651 3813 725 3887 Nec
750 3840 834 3888 vero
860 3828 982 3913 postea
1009 3813 1129 3886 destiti
1154 3811 1249 3886 labe·

248 3931 377 4007 factare
402 3959 481 4009 eum
497 3953 537 4034 ²⁰,
556 3938 617 4037 qui
642 3965 777 4013 summa
804 3965 884 4015 cum
910 3955 969 4014 tua
993 3939 1137 4038 brissia,
1162 3965 1248 4013 con·
