2624 4830
259 423 310 498 60
581 442 752 495 sersaoni
777 443 893 492 occcr.
1032 441 1064 493 s.
1085 443 1117 494 v.
1134 444 1229 518 cyro

227 536 232 546 ⁸
258 579 327 658 que
346 549 522 652 gravitate.
547 549 656 645 Quod
677 547 762 621 mihi
779 547 920 650 quidem
936 544 1080 620 minime
1103 570 1253 646 norum,

257 681 318 782 qui
335 691 371 752 et
387 691 422 752 te
439 700 596 776 nossem,
620 688 657 748 et
681 688 820 749 tuarum
839 672 1017 747 literarum
1033 673 1080 747 ad
1097 698 1156 747 me
1170 675 1251 788 mis·

257 828 374 880 sarum
397 805 569 906 promissa
596 801 843 898 meminissem,
867 812 903 872 et
927 796 1092 872 haberem
1119 825 1139 873 a
1164 799 1250 874 Fun

256 933 317 1018 nio
348 943 470 1005 nostm
504 944 563 1003 tua
595 924 734 1031 penitus
760 922 904 1000 consilia
929 923 1077 1024 cognita.
1103 918 1179 1000 Sed
1197 952 1250 1001 se·

256 1059 354 1131 nutui
378 1057 510 1130 maiora
535 1055 610 1129 visa
634 1066 733 1153 sunt,
768 1078 873 1155 quum
904 1063 1018 1127 erant.
1035 1065 1248 1156 exspectata:

255 1209 329 1256 non
354 1183 457 1284 quo⁸
482 1206 647 1282 umquam
673 1179 717 1252 de
744 1193 803 1252 tua
828 1177 1008 1260 voluntate
1040 1178 1250 1276 dubitassat3

255 1307 319 1382 sed
343 1334 408 1381 neo
432 1321 600 1408 quantum
628 1305 739 1379 facere
764 1330 902 1404 posses,
926 1329 991 1377 nec
1015 1329 1086 1405 quo
1112 1330 1248 1404 progre-

257 1431 321 1505 dil
338 1431 461 1531 velles,
483 1432 700 1532 exploratum
718 1432 801 1503 satis
819 1429 979 1502 habebat.
998 1429 1123 1530 Itaque
1141 1456 1246 1532 quum

256 1586 286 1632 a.
311 1557 344 1631 d.
369 1558 438 1631 VII
462 1556 547 1631 Idus
571 1556 708 1657 Apriles
735 1582 836 1628 mane
862 1555 947 1628 milri
972 1569 1050 1629 tuas
1067 1555 1185 1629 literas
1202 1557 1248 1629 Μ,

254 1683 448 1759 Varisidius
465 1683 691 1781 reddidisset,
716 1692 842 1784 easque
859 1679 1035 1782 legissem,
1053 1683 1246 1757 incredibili

204 1847 212 1856 “
255 1812 476 1913 gaudiosum
494 1810 620 1885 elatus:
645 1834 823 1912 quumque
838 1835 964 1909 magna
980 1808 1171 1885 multitudo
1187 1835 1246 1911 op

252 1941 417 2012 timorum
442 1938 596 2013 virorum
621 1950 663 2010 et·
674 1937 803 2010 civium
820 1962 877 2008 me
894 1935 1002 2009 domo
1016 1935 1246 2035 deduceret

251 2065 316 2139 leci
350 2065 519 2140 continuo
551 2087 673 2138 omnes
707 2034 897 2164 participes
923 2085 1020 2136 meae
1046 2052 1244 2164 voluptatis

249 2193 394 2267 Interim
422 2189 469 2264 ad
493 2217 549 2263 me
573 2192 672 2264 verrit
704 2189 883 2264 Munatius
907 2202 1027 2262 noster
1043 2190 1070 2288 ⁶,
1095 2202 1137 2262 ut
1161 2212 1244 2264 cou-

250 2330 383 2389 suerat:
413 2328 451 2389 at
482 2341 547 2414 ego
580 2316 613 2388 ei
645 2315 762 2390 literas
795 2329 870 2389 tuas
888 2333 921 2415 ²3
945 2315 1119 2389 nihildum
1153 2316 1244 2390 enim

249 2439 391 2514 sciebat
415 2437 506 2514 Nam
532 2440 577 2516 ad
602 2468 658 2513 me
679 2439 833 2541 primum
849 2438 1045 2514 Varisidius
1063 2443 1246 2541 venerati,

248 2564 355 2668 idque
387 2564 455 2640 sibi
486 2592 507 2640 a
538 2581 573 2640 te
604 2566 809 2662 mandatum
840 2593 916 2642 esse
948 2566 1096 2642 dicebat
1124 2568 1244 2643 Paullo

249 2704 333 2792 post
355 2691 450 2765 idem
475 2691 561 2764 mihi
585 2694 764 2767 Munatius
788 2720 847 2767 eas
871 2693 988 2768 literas
1004 2693 1171 2793 legendas
1188 2693 1245 2769 de·

249 2814 302 2890 dit
308 2873 319 2915 ‚
345 2843 430 2919 quas
449 2816 519 2918 ipsi
534 2819 693 2919 miseras,
719 2833 756 2893 et
771 2845 830 2895 eas
842 2836 869 2919 s,
886 2837 972 2923 quas
989 2818 1140 2922 publice.
1165 2819 1244 2897 Pla·

249 2924 507 3044 cuitnobis10,
530 2959 571 3018 ut
594 2947 713 3020 statim
738 2947 785 3020 ad
809 2947 1020 3046 Cornutum,
1044 2961 1244 3050 praetorem

248 3067 435 3172 urbanum,
458 3070 575 3146 literas
600 3072 827 3147 deferremus:
852 3074 929 3176 qui,
959 3071 1057 3176 quod
1081 3075 1244 3152 consules

248 3194 410 3295 aberant,
425 3197 607 3272 consulare
623 3225 750 3273 munus
763 3216 791 3250 ¹¹
809 3199 1005 3274 sustinebat
1021 3204 1243 3281 more-maio-

247 3349 334 3396 rum.
359 3324 507 3398 Senatus
526 3339 586 3399 ‚est
609 3327 779 3401 continuo
804 3341 1037 3425 convocatus,
1064 3327 1244 3430 linquens-

249 3472 316 3547 que
333 3452 500 3523 convenit
515 3464 662 3551 propter
676 3452 804 3533 samam
821 3465 926 3554 atque
944 3454 1242 3553 exspectationem

248 3585 384 3646 tuarum
401 3574 588 3649 literanrm.
614 3578 780 3651 Recitatis
795 3577 917 3678 literis,
942 3577 1060 3652 oblata
1071 3578 1199 3680 religio
1211 3594 1243 3632 ¹²

246 3695 406 3774 Cornuto
434 3713 505 3799 est,
534 3699 760 3802 pullariorum
779 3705 809 3755 ¹³
835 3704 1034 3804 admonitu,
1058 3728 1134 3779 non
1158 3707 1241 3781 sotis

246 3820 428 3923 diligenter
452 3852 533 3900 eum
557 3829 721 3929 auspiciis
745 3810 895 3930 operam⁴
915 3830 1070 3905 dedisse:
1094 3828 1240 3935 idquea

243 3965 364 4025 nostro
381 3952 528 4051 collegio
544 3952 572 4020 ¹l
589 3953 859 4057 comprobatum
885 3972 946 4031 est.
972 3960 1095 4059 Itaque
1112 3985 1170 4033 res
1187 3958 1239 4044 di·
