2624 4830
157 416 205 513 78
495 429 666 479 neisaunn
692 430 821 479 ucccx..
929 430 960 481 ι.
980 434 1012 480 v.
1031 434 1062 483 e.
1081 445 1128 494 ,ιι

156 535 297 634 ceteris,
321 532 464 607 consiliu
491 559 568 606 mea
593 531 688 607 volui
704 559 779 607 esse
796 546 889 607 nota.
914 534 958 607 ln
975 533 1053 609 dies
1070 562 1153 612 vem

157 664 359 738 meritorum
388 685 547 735 meomm
571 648 646 763 fieri
671 661 906 760 accessiones,
936 661 1154 762 pervidere²

157 804 193 864 te
217 815 339 891 sper03
363 790 584 890 cogniturum
606 788 717 886 magis
740 788 884 889 recipio.
909 787 1019 882 Quod
1034 790 1155 865 adme

156 919 297 1017 attinet,
322 918 370 991 mi
387 918 512 993 Cicero
532 917 597 1006 (ita
623 914 668 988 ah
692 913 956 990 imminentibus
982 914 1084 992 maiis
1099 941 1154 992 aes

155 1044 296 1147 publica
330 1071 386 1118 me
419 1045 608 1118 adiuvante
641 1040 862 1143 libereturt)‚
893 1043 976 1117 sic³
1002 1041 1153 1120 honores

155 1173 378 1274 praemiaque
395 1185 511 1247 vestra
536 1168 701 1272 suspicio,
726 1168 937 1245 conferenda
962 1185 1059 1245 eeue
1074 1198 1153 1246 oum

153 1296 430 1398 immortalitate,
461 1312 502 1372 ut
532 1298 609 1370 sine
637 1295 701 1370 his·
722 1295 811 1370 nihil
844 1296 890 1370 de
921 1323 1004 1372 meu
1035 1297 1153 1372 studio

153 1427 482 1527 perseverantiaque
506 1424 572 1498 sim
597 1423 811 1498 remissurus
837 1423 911 1500 Nisi
936 1424 973 1498 in
1000 1424 1152 1500 multitu·

155 1549 239 1624 dine
256 1552 470 1653 optimorum
492 1553 620 1624 civium
646 1553 799 1654 impetus
825 1552 931 1624 animi
957 1552 1027 1646 mei
1051 1552 1153 1626 sunit

155 1677 359 1780 singularis,
380 1693 416 1752 et
441 1704 549 1779 opera
575 1678 781 1780 praecipua:
806 1676 893 1751 nihil
909 1676 956 1752 ad
973 1704 1088 1753 meum
1105 1677 1153 1753 di·

154 1805 325 1903 gnitatem
350 1805 518 1880 accedere
543 1806 625 1879 volo
650 1804 896 1905 suffragatione
912 1818 1040 1880 vestm.
1064 1807 1153 1882 Cun-

155 1933 299 2034 eupisuo
316 1946 432 2006 nutem
450 1931 539 2006 nihil
555 1931 641 2005 mihi
660 1941 869 2034 (contraque
884 1932 961 2032 ipse
978 1931 1152 2035 pugnet„

153 2071 191 2131 et
222 2061 391 2160 temporis
421 2073 457 2133 et
482 2061 531 2135 rei
558 2073 594 2133 te
618 2058 876 2133 moderatorem
906 2057 1006 2132 facile
1038 2059 1152 2160 patior

154 2209 239 2257 esse.
264 2185 360 2258 Nihil
386 2200 448 2259 eut
467 2212 545 2260 sero
563 2188 593 2286 ⁵,
614 2200 677 2260 aut
701 2186 824 2285 exigue
840 2211 860 2259 a
877 2185 991 2286 patria
1008 2186 1081 2260 civi
1098 2185 1153 2259 tn'·

152 2307 278 2382 butum
303 2325 422 2410 potest
447 2312 567 2386 videri.
594 2313 796 2386 Exercitum
814 2337 844 2384 a.
862 2311 896 2384 d.
914 2324 1052 2386 sextum
1075 2310 1151 2385 Kal.

153 2433 264 2506 Maias
281 2433 494 2509 Rhodanum
511 2439 650 2537 traieci,
674 2438 810 2537 maguis
826 2427 1019 2512 itineribus.
1044 2438 1151 2511 Vien-

152 2561 232 2629 na⁶
258 2559 393 2660 equites
419 2559 512 2635 mille
539 2564 594 2637 via
620 2563 781 2638 breviore
805 2564 977 2667 praemisi.
1003 2565 1101 2665 lpse,
1123 2563 1152 2637 si

153 2680 198 2755 nb
222 2683 392 2784 Lepidot
420 2712 493 2761 nou
517 2689 710 2792 impediar,
732 2690 909 2766 eeleritate
934 2690 1151 2766 satisfaciam.

152 2807 189 2881 Si
215 2823 333 2883 autem
359 2813 474 2889 itineri
499 2818 611 2890 me0⁸
638 2844 676 2891 se
701 2818 924 2920 opposuerit,
948 2816 996 2891 ad
1013 2830 1151 2920 tempus

149 2934 339 3023 ,consilium
363 2941 510 3040 capiam.
543 2943 676 3044 Copias
701 2942 841 3018 addnoo
867 2958 904 3018 et
928 2969 1095 3042 nummu,
1118 2956 1152 3016 et

154 3085 298 3164 genere,
329 3079 365 3138 et
394 3065 562 3142 fidelitate
592 3071 813 3146 firmissimas.
850 3069 924 3169 Te,
956 3083 997 3144 ut
1030 3070 1151 3170 diligas

151 3215 226 3290 me,
251 3191 280 3263 si
307 3206 429 3268 mutuo
455 3208 490 3270 te
516 3196 723 3271 factumne
748 3199 834 3298 scis,
857 3223 955 3297 rugo.
980 3196 1081 3271 Vale.

563 3578 753 3653 DCCCXI.
897 3617 950 3675 (ue
965 3617 1020 3664 mv.
1037 3619 1085 3677 ιιι,
1098 3620 1127 3675 9)

152 3744 372 3824 Argamum.
392 3751 510 3834 Rogat,
532 3771 565 3817 ut
586 3759 768 3840 prospiciat,
793 3779 831 3818 ue
857 3738 1034 3817 consulibus¹
1060 3756 1147 3815 amis·

90 3866 94 3873 ’
191 3853 231 3914 sis
250 3850 351 3915 hostes
371 3860 415 3918 rei
436 3859 520 3942 pubi.
545 3865 741 3928 invalescent:
763 3874 808 3938 et,
829 3863 902 3947 quid
930 3861 1084 3946 egendum
1102 3861 1147 3920 ai·

191 3957 314 4037 deutur,
334 3979 445 4031 mouet
