2624 4830
172 424 220 528 76
506 445 676 495 erisrout
703 446 834 494 ncccix.
947 445 978 494 Α.
996 447 1030 496 v.
1047 447 1076 494 c.
1096 459 1144 507 ,ιο

170 549 368 651 oomplures
392 548 441 622 ibi
467 550 599 649 amisit,
628 574 695 622 nec
719 548 791 648 egit
814 547 1010 651 quicquam.
1038 547 1167 622 Audita

169 703 223 776 re,
255 678 389 751 Hirtius
422 703 503 751 oum
534 675 738 750 cohortibus
762 675 888 785 viginti
913 677 1089 749 veteranis
1114 701 1168 750 re·

169 803 290 879 deunti
315 805 469 877 Antonio
493 804 531 876 in
556 829 618 877 sua
644 816 757 876 castra
784 802 953 900 occurrit,
978 803 1167 904 copiasque

168 932 243 1005 eiua
274 955 395 1004 omnes
426 926 557 1005 delerit
589 928 790 1031 fugavitque
823 926 949 1002 eodem
978 925 1077 1028 loco,
1109 926 1168 1001 ubi

168 1070 244 1133 erat
281 1070 473 1159 pugnatum
484 1108 497 1158 7
529 1054 576 1130 ad
606 1050 741 1130 Forum
772 1053 963 1129 Gallorum.
998 1054 1168 1128 Antonius

169 1209 248 1257 cum
274 1182 465 1286 equitibus,
496 1181 582 1256 hora
615 1183 730 1256 noetis
761 1195 901 1283 quarta,
927 1207 964 1254 se
990 1181 1028 1252 in
1053 1194 1165 1255 castra

168 1335 230 1382 aun
263 1308 309 1382 ad
341 1309 512 1383 Mutinam
547 1309 739 1408 recepitu.
764 1308 898 1382 Hirtius
923 1308 1026 1380 inea
1052 1320 1166 1405 eastra

168 1432 272 1508 rediit
288 1450 330 1534 ²¹,
354 1435 448 1507 unde
477 1437 591 1508 Pausa
626 1436 773 1533 exierat,
805 1434 866 1506 ubi
899 1432 987 1506 duae
1011 1431 1165 1531 legiones

167 1559 376 1663 reliquerat,
408 1587 497 1662 quae
531 1560 575 1633 ab
608 1563 764 1634 Antonio
798 1572 898 1634 erant
930 1573 1165 1660 oppugnatae.

168 1686 226 1760 Sic
252 1701 387 1788 partem
412 1688 578 1760 maiorem
612 1713 752 1760 suarum
785 1688 964 1788 copiarum
990 1685 1165 1759 Antonius

167 1812 285 1887 amisit
308 1827 560 1888 veteranarum.
585 1809 659 1886 Nec
684 1812 721 1886 id
748 1827 866 1888 tamen
892 1813 967 1886 sine
986 1810 1102 1914 aliqua
1119 1812 1167 1884 ia-

142 1976 144 1982 ·
165 1953 264 2014 ctura
289 1939 488 2014 cohortium
516 1941 768 2041 praetoriarum
788 1942 819 1989 ²³
839 1952 1044 2012 *nostrarum
1062 1951 1099 2011 et
1115 1936 1164 2010 le·

165 2067 277 2165 gionis
309 2067 456 2141 Martiae
481 2068 555 2142 fieri
581 2067 707 2167 potuit.
733 2064 879 2169 Aquilae
905 2064 994 2139 duae
1007 2063 1052 2163 ²4,
1066 2066 1162 2163 signa

87 2187 92 2198 ⁴
163 2194 340 2290 sexaginta
367 2207 449 2267 sunt
474 2191 581 2268 relata
606 2193 761 2268 Antonii.
787 2193 854 2265 Rea
879 2189 971 2264 bene
987 2204 1084 2289 gesta
1100 2203 1164 2262 est.

164 2318 204 2389 lt
230 2315 263 2390 d.
289 2319 362 2391 XII
387 2318 566 2393 Kalendas
591 2321 702 2393 Maias
720 2322 763 2419 ²⁵,
787 2345 830 2392 ex
855 2318 987 2394 caetria

582 2699 755 2774 DCCCX.
915 2741 969 2800 (aa
985 2741 1040 2813 uu.
1056 2740 1093 2798 x,
1107 2740 1140 2796 a)

71 2872 78 2882 ’
163 2878 383 2953 Argumentum.
404 2876 500 2936 Suum
527 2878 659 2937 studium
687 2900 761 2959 erge
788 2899 853 2938 reni
877 2876 961 2960 publ.
983 2862 1161 2958 profitetur:

202 2980 378 3062 dignitatem
399 3003 484 3043 auam
502 2985 708 3046 commendat:
733 2985 807 3067 quid
821 2988 916 3066 egerit
929 2995 959 3043 et
973 2995 1096 3044 aeturus
1109 2985 1160 3051 ait.

202 3092 336 3171 exponit:
357 3092 523 3151 exercitum
544 3090 654 3152 laudnt.

188 3344 191 3350 ·
212 3314 266 3365 Ser.
285 3314 311 3366 in
329 3313 413 3372 Gallia
430 3315 591 3369 Narbonemi
610 3319 640 3368 t.
659 3316 694 3368 V.
712 3315 743 3368 G.
763 3315 868 3382 DCCX,
886 3323 998 3367 nennio
1018 3315 1113 3386 apriti,

435 3514 614 3583 PLANCVS
645 3515 832 3581 ctctuottt
856 3515 888 3580 S.
928 3506 931 3512 ’

208 3697 304 3773 Nihil
335 3725 392 3773 me
425 3699 490 3774 tibi
523 3713 653 3777 temere
672 3717 696 3803 ¹,
720 3716 781 3775 aut
807 3716 844 3775 te
867 3703 994 3777 ceteris
1024 3701 1072 3776 de
1102 3726 1160 3776 me

159 3823 286 3899 frustra
311 3826 484 3927 recepisse
512 3826 633 3902 laetor.
665 3830 768 3905 Certe
801 3827 874 3903 hoe
903 3830 1014 3903 maino
1048 3827 1158 3903 habea

158 3952 398 4028 testiinonium
422 3952 550 4028 amoris
567 3955 653 4055 mei,
672 3980 745 4057 qao
761 3956 929 4032 maturius
956 3955 1036 4054 tibi,
1053 3981 1158 4058 quarn
