2624 4830
257 425 323 499 156
536 450 704 495 crisconi
732 448 934 496 oeccuxxrr.
1016 448 1049 498 Α.
1067 446 1102 498 v.
1120 450 1148 499 e
1169 459 1215 515 ,ιο

251 579 317 655 quc
344 551 488 624 consilio
507 551 636 623 bellurn
654 552 983 626 administraturum.
1007 551 1152 626 Credidi
1168 553 1242 628 chi·

251 671 458 778 rographisl
476 679 565 776 eius,
584 677 803 753 affirmationi
820 679 1012 778 praesentis
1028 679 1242 779 Laterensis,

253 804 312 906 qui
339 814 412 876 turn
438 797 531 904 apud
555 822 611 877 me
629 819 702 877 erat
714 800 739 903 ⁵,
757 796 1087 906 reconciliaremque
1104 832 1161 879 me
1177 810 1243 882 Le-

252 932 356 1031 pido,
381 932 552 1032 fidemque
578 931 759 1027 haberem,
784 931 916 1005 orabat.
941 931 1023 1006 Nou
1047 931 1149 1006 licuit
1165 933 1243 1007 diu·

253 1059 322 1131 tius
347 1058 436 1130 bene
462 1058 506 1130 de
531 1084 573 1130 eo
598 1084 746 1159 sperare.
778 1058 871 1131 Illud
903 1071 997 1131 certe
1022 1059 1101 1134 cavi
1126 1072 1162 1131 et
1186 1085 1244 1133 ca·

254 1183 363 1282 vebo,
387 1211 432 1257 ne
458 1211 532 1280 mea
566 1185 769 1257 credulitate
800 1185 848 1258 rei
880 1183 1042 1284 publicae
1073 1189 1242 1259 summa⁰

254 1309 399 1383 fallatur.

306 1438 470 1528 aQuum
503 1438 632 1509 Isaram
665 1435 795 1509 flumen
813 1445 838 1534 ⁷,
862 1460 933 1510 uno
967 1430 1024 1508 die
1055 1450 1165 1537 ponte
1197 1437 1244 1509 es·

253 1563 366 1661 lecto,
398 1565 586 1635 exercitum
625 1563 875 1660 traduxissem,
906 1588 971 1663 pro
1004 1555 1243 1662 magnitudine

252 1691 299 1762 rei
327 1687 537 1761 celeritatem
563 1687 752 1785 adhibens,
783 1687 880 1789 quod
905 1689 1055 1789 petierat
1080 1715 1144 1789 per
1168 1688 1244 1761 lite·

252 1841 307 1887 ras
332 1818 443 1914 ipset,
460 1828 499 1888 ut
516 1829 723 1888 maturarem
751 1815 887 1887 venire:
913 1828 1054 1914 praesto
1079 1814 1165 1887 mibi
1182 1814 1244 1886 fuit

144 1987 148 1997 ·
253 1956 364 2015 stator
388 1944 460 2013 eius
485 1968 563 2014 cum
588 1942 712 2040 literis,
738 1941 882 2043 quibus,
913 1967 959 2013 ne
984 1943 1159 2040 venirem,
1183 1941 1243 2012 de-

253 2067 451 2165 nuntiabat,
476 2094 512 2140 se
538 2093 640 2168 posse
666 2093 728 2169 per
753 2092 789 2139 se
815 2068 987 2141 conficere
1016 2067 1244 2165 negotium,

197 2235 200 2239 ·
253 2195 382 2268 interea
410 2194 455 2267 ad
480 2196 609 2267 Isaram
636 2209 882 2293 exspectarem.
911 2192 1082 2265 Indicabo
1099 2207 1245 2266 temera-

254 2321 343 2392 rium
359 2346 475 2391 meum
493 2320 676 2392 consilium
695 2320 774 2393 tibi:
800 2318 1025 2392 nihilominus
1051 2320 1102 2390 ire
1127 2318 1244 2393 decre·

198 2444 203 2455 '
253 2470 326 2516 ram
344 2463 383 2541 ¹⁰,
399 2447 597 2517 existimans
623 2473 702 2516 eum
729 2447 864 2520 socium
889 2445 1018 2544 gloriae
1034 2446 1156 2518 vitare.
1180 2447 1245 2519 Pu·

253 2568 388 2665 tabam,
420 2595 522 2669 posse
555 2596 610 2641 me
644 2597 707 2642 nec
740 2572 784 2643 de
816 2569 920 2643 laude
952 2572 1057 2644 ieiuni
1092 2571 1244 2645 bominis

132 2769 137 2778 ,
253 2694 403 2768 delibare
424 2713 451 2746 ¹¹
478 2697 680 2796 quicquam,
709 2711 745 2769 et
773 2696 916 2771 subesse
950 2711 1067 2771 tamen
1101 2698 1244 2799 propio·

252 2823 328 2922 quis
353 2820 457 2920 locis,
480 2836 535 2921 ut,
560 2824 588 2893 si
615 2821 734 2894 durius
760 2822 891 2925 aliquid
910 2837 1017 2922 esset,
1043 2849 1242 2899 succurrere

252 2946 407 3020 celeriter
431 2974 579 3049 possem.
605 2951 701 3048 Ego,
724 2975 797 3022 nou
822 2949 935 3024 malus
955 2949 1081 3048 homo,
1106 2950 1176 3025 hoe
1193 2979 1245 3024 su·

192 3084 193 3089 ’
252 3073 419 3174 spicabar.
446 3077 492 3147 At
509 3077 722 3173 Laterensis,
746 3077 800 3147 vir
816 3077 1071 3175 sanctissimus,
1089 3103 1154 3150 suo
1172 3075 1242 3149 chi-

252 3201 425 3301 rographo
445 3203 551 3273 mittit
576 3201 659 3273 mibi
684 3200 803 3274 literas
829 3202 986 3303 meisque
999 3216 1039 3300 ¹²,
1057 3200 1243 3303 desperans

253 3326 295 3398 de
322 3354 375 3425 se,
400 3327 443 3400 de
460 3329 629 3426 exercitu,
657 3327 700 3399 de
718 3327 844 3428 Lepidi
863 3326 950 3426 fide,
976 3353 1192 3430 querensque
1209 3353 1242 3400 se

252 3452 472 3553 destitutum,
499 3458 533 3526 in
560 3455 685 3556 quibus
718 3467 838 3554 aperte
866 3453 1066 3551 denuntiat,
1093 3454 1245 3549 videam,

249 3604 293 3649 ne
319 3580 430 3679 fallar,
456 3608 554 3654 sunm
580 3582 683 3653 fidem
711 3579 862 3652 solutam
889 3607 963 3654 esse
985 3582 1029 3677 ¹³3
1055 3583 1107 3653 rei
1133 3579 1243 3680 publi-

249 3732 310 3777 cae
339 3733 383 3778 ne
415 3708 534 3779 desim.
569 3707 757 3807 Exemplar
790 3710 863 3779 eius
898 3707 1122 3808 chirographi
1151 3707 1243 3778 Titio

249 3834 323 3902 misi
343 3831 381 3903 ¹l.
408 3836 488 3933 Ipsa
513 3833 742 3934 chirographa
775 3837 891 3905 omniu
919 3847 955 3904 et
982 3832 1112 3933 quibus
1134 3831 1244 3904 credi·

249 3961 283 4032 di
304 3962 342 4060 ¹⁵,
368 3974 402 4031 et
428 3986 485 4064 ea,
511 3958 636 4062 quibus
663 3961 767 4033 fidem
795 3985 866 4032 nou
891 3958 1088 4032 habendam
1109 3958 1244 4058 putari,
