2624 4830
220 439 291 531 246
540 454 710 505 taisson
737 456 892 504 ncccnei.
1048 457 1102 506 tu.
1123 458 1190 507 mc.

613 682 830 757 DCCCLVI.
955 726 1009 780 (ta
1026 726 1079 773 nn.
1097 728 1129 788 v,
1148 729 1192 786 u)

217 865 437 944 Argumentum.
458 861 638 923 famulatur
658 862 818 942 diligenter
838 863 985 932 emicunt,
1007 862 1125 924 obitum
1141 863 1215 926 libe

258 991 361 1031 mcum
384 969 609 1032 immoderatius
631 969 786 1030 ferentem.

373 1195 426 1246 ser.
446 1211 513 1245 anno
530 1193 644 1259 incertog
663 1192 769 1245 tonum
787 1193 818 1244 t.
837 1191 869 1245 V.
889 1192 920 1246 C.
937 1192 1054 1247 uccvt.

435 1383 479 1446 u.
504 1385 539 1446 s.
565 1382 709 1447 cisano
734 1381 764 1445 s.
789 1316 838 1444 n·
852 1369 993 1448 T1s10¹
1016 1360 1021 1369 ’

265 1571 340 1643 Etsi
368 1597 456 1644 unus
482 1597 525 1644 ex
550 1570 712 1644 omnibus
737 1571 881 1646 minime
907 1598 984 1645 sum
1010 1570 1057 1645 ad
1074 1586 1108 1645 tc
1126 1598 1212 1646 eon·

215 1695 399 1771 solandum
432 1697 719 1771 accommodatus
737 1714 762 1795 ²,
787 1696 883 1798 quod
914 1711 1050 1771 tantum
1075 1724 1119 1773 ex
1144 1699 1213 1772 tuis

215 1823 383 1898 molestiis
409 1824 485 1924 cepi
513 1823 660 1921 doloris,
691 1838 731 1894 ut
756 1823 997 1897 consolatione
1028 1825 1105 1925 ipse
1137 1851 1212 1924 ege·

214 1976 307 2048 rcm3
331 1965 464 2051 tamen,
489 1977 597 2054 quum
622 1949 761 2047 longius
785 1977 806 2022 a
832 1951 957 2022 summi
982 1949 1099 2023 luctus
1114 1976 1209 2024 acer·

214 2075 325 2150 bitate
351 2103 448 2150 meus
474 2076 612 2150 abesset
637 2074 752 2176 dolor,
780 2101 884 2178 quam
904 2090 1000 2175 tuus,
1026 2077 1130 2149 statui
1149 2101 1213 2149 no·

215 2216 307 2276 strae
325 2203 590 2277 necessitudinis
608 2229 695 2303 esse,
724 2228 893 2304 meaeque
904 2203 946 2276 in
963 2216 998 2276 te
1015 2201 1215 2276 benivolen-

216 2329 299 2427 tiae,
326 2355 399 2401 non
433 2343 548 2402 tacere
582 2343 682 2402 tanto
714 2331 750 2401 in
780 2344 845 2427 tuo
878 2355 1037 2402 mocmre
1063 2329 1194 2402 tamdiu
1204 2385 1214 2425 ,

215 2451 280 2527 sed
304 2451 473 2528 adhibete
501 2443 651 2556 eliquata
677 2454 893 2528 modicam³
918 2446 1213 2552 consolationem,

216 2582 305 2681 quae
335 2578 451 2654 levare
487 2579 643 2654 dolorem
678 2589 775 2654 tuuin
802 2588 940 2682 posset,
964 2582 991 2655 si
1018 2583 1133 2654 minus
1158 2606 1212 2653 sa·

214 2731 299 2780 nare
332 2708 513 2807 potuisset.
545 2709 612 2780 Est
641 2722 757 2783 autem
789 2704 983 2782 consolatio
1008 2704 1210 2808 pervulgata

215 2832 355 2934 quidem
383 2833 440 2907 illa
467 2836 633 2934 maxime,
667 2863 769 2937 quam
797 2861 935 2935 semper
959 2837 995 2907 iu
1022 2860 1082 2907 oce
1107 2848 1211 2935 atque

211 2959 252 3032 in
278 2962 395 3033 animo
421 2960 550 3035 habere
577 2961 760 3060 debemus,
791 2962 950 3034 homines
982 2987 1046 3034 nos
1073 2975 1113 3032 ut
1136 2986 1211 3033 esse

213 3088 491 3187 meminerimus,
516 3116 556 3162 ea
574 3089 788 3189 legenatos,
813 3101 853 3160 ut
870 3087 1034 3182 omnibus
1052 3086 1129 3160 telis
1146 3086 1211 3160 for·

214 3227 320 3286 tunae
347 3218 527 3316 proposita
555 3216 600 3289 sit
625 3218 697 3289 vita
723 3229 862 3314 uostra3
885 3232 1000 3317 neque
1024 3232 1100 3288 esse
1116 3240 1212 3288 recu·

212 3339 379 3440 sandutn,
413 3349 484 3443 quo
517 3344 631 3416 minus
660 3350 722 3441 et,
754 3360 821 3445 que
855 3342 928 3414 nati
961 3352 1097 3438 sumus,
1127 3365 1211 3414 con·

214 3462 346 3540 ditione
379 3469 560 3568 vivamus,
594 3476 682 3543 neve
719 3476 790 3542 tain
830 3456 982 3569 graciles
1016 3476 1077 3540 eos
1110 3492 1210 3539 casus

213 3588 383 3691 ieramus,
416 3621 504 3696 quos
536 3595 633 3671 nullo
667 3584 812 3669 consilio
847 3597 954 3668 vitare
986 3590 1211 3695 possimusi;

213 3719 415 3820 eventisque
442 3721 588 3795 alionum
615 3725 781 3796 memoria
810 3720 1025 3824 repetendis,
1050 3718 1137 3792 nihil
1156 3745 1210 3791 ac·

213 3843 338 3915 cidisse
368 3846 469 3920 nobis
500 3850 584 3921 novi
618 3851 817 3947 cogitemus.
851 3850 972 3951 Neque
1004 3846 1069 3918 liae
1095 3872 1209 3947 neque

213 3983 349 4044 ceterae
375 3972 647 4074 consolationes,
679 4003 767 4077 quae
793 3959 874 4050 sunt
900 3998 919 4050 a
946 3974 1208 4075 sapientissimis
