2624 4830
215 412 288 492 266
595 427 767 482 cessrunt
794 429 833 480 u.
995 427 1027 480 t.
1043 428 1079 480 v.
1097 429 1127 479 c.
1144 441 1193 495 2¹·

329 660 384 716 ser.
401 654 563 730 oysteno
580 658 611 713 t.
629 657 662 711 v.
679 657 711 712 c
729 657 837 722 ocos,
854 656 922 710 em
944 656 1001 711 su.
1020 659 1103 730 spru

502 848 657 923 utvtvs
683 854 873 922 ClCEllllNl
896 855 928 918 S.

286 1049 423 1127 Literas
455 1060 534 1124 tuas
564 1043 668 1123 valde
700 1057 891 1146 exspecto,
926 1070 1015 1147 quas
1047 1045 1216 1148 scripsisti

213 1189 298 1280 post
313 1176 456 1252 cunnos
471 1186 672 1248 nostrarum
697 1197 832 1270 aarum,
857 1182 894 1245 et
918 1169 965 1244 do
989 1184 1104 1245 morte
1129 1172 1217 1246 Tre·

212 1303 327 1379 bonii:
343 1298 527 1378 nonenim
544 1297 687 1396 dubito,
702 1298 791 1401 quin
807 1296 892 1372 mihi
910 1296 1096 1372 mustum
1114 1311 1214 1372 tuum

113 1400 117 1413 ¹
211 1427 372 1532 explices.
396 1424 547 1526 Indigno
572 1422 702 1500 scelere
718 1437 756 1498 et
772 1425 887 1498 nivem
902 1423 1078 1527 optimum
1096 1425 1214 1499 amui-

210 1579 305 1654 mus,
321 1567 358 1627 et
373 1553 576 1654 provinciae
593 1550 816 1655 possessione
834 1549 928 1654 pulsi
945 1577 1084 1652 snmus,
1108 1577 1214 1653 quam

208 1679 406 1787 recuperari
431 1677 532 1753 facile
557 1691 619 1753 est„
645 1676 768 1781 Neque
793 1677 909 1752 miuus
936 1691 1039 1782 turpe
1065 1690 1127 1750 aut
1151 1674 1214 1751 lla·

211 1807 375 1909 gitiosum
391 1805 474 1904 erit,
498 1805 527 1881 ai
545 1817 686 1907 potest,
709 1827 783 1884 nou
800 1804 1011 1905 recuperari.
1036 1803 1213 1881 Antonius

211 1931 328 2011 adbuc
352 1946 407 2008 est
422 1931 625 2010 uobiscum:
649 1929 714 2009 tet
738 1928 981 2007 mediusfidius
1005 1944 1042 2006 ot
1066 1955 1214 2007 moveor

211 2058 366 2136 hominis
392 2042 639 2161 precibus,'et
668 2057 793 2156 timeo,
822 2082 868 2130 ne
889 2056 1213 2159 illum-nliquorum

212 2185 310 2262 lutor
345 2185 520 2286 excipiat:
558 2183 662 2286 plane
694 2197 825 2258 aestuo.
864 2183 973 2276 Quod
1006 2184 1035 2257 si
1068 2183 1214 2280 scirem,

212 2311 299 2415 q'uid
337 2310 402 2384 tibi
435 2310 612 2412 placeret,
643 2311 718 2386 sinc
751 2308 975 2385 solicitudine
1013 2335 1134 2384 essem.
1171 2306 1215 2382 Id

212 2436 306 2512 enim
323 2418 497 2541 optimum
515 2443 611 2536 esse,
631 2414 834 2538 persuasum
857 2450 950 2512 esset
973 2434 1069 2509 ¹inihi.
1095 2436 1214 2531 Quare

210 2564 494 2668 quamprimum
522 2564 575 2638 fao
603 2591 659 2639 me
685 2566 889 2665 certiorem,
922 2563 1007 2666 quid
1039 2562 1102 2639 tibi
1138 2560 1214 2663 pla·

211 2705 298 2767 neat„
324 2691 464 2767 Cassius
482 2705 603 2765 noster
619 2692 755 2792 Syriam
764 2749 775 2791 ,
799 2692 954 2792 legiones
971 2691 1133 2790 Syriacas
1151 2689 1214 2763 ha·

210 2818 286 2918 bct,
317 2817 410 2892 ultro
445 2817 587 2919 quidem
622 2846 641 2892 a
673 2820 798 2893 Murco
823 2833 860 2892 et
885 2844 904 2890 a
930 2819 1083 2916 Marcio,
1108 2831 1144 2889 et
1170 2816 1214 2889 ab

211 2945 365 3018 exercitu
390 2945 469 3045 ipso
498 2948 692 3020 arcessitus.
724 2948 801 3044 Ego
835 2944 958 3045 scripsi
985 2944 1031 3018 atl
1056 2945 1214 3018 Tertiam

212 3096 385 3171 sororem,
410 3085 447 3145 et
471 3086 634 3172 matrem,
659 3100 704 3146 ue
728 3074 826 3174 prius
852 3071 997 3146 ederent
1013 3071 1100 3169 hoo,
1118 3069 1215 3171 quod

212 3198 345 3303 optime
371 3224 413 3272 ac
439 3196 634 3277 felicissime
668 3200 773 3299 gessit
798 3199 954 3298 Cassius,
981 3225 1088 3300 quam
1115 3210 1214 3269 tuum

213 3324 397 3400 consilium
422 3327 687 3426 cognovissent,
710 3325 845 3427 tibique
864 3327 976 3399 visum
1001 3339 1102 3399 esset
1126 3322 1216 3420 Legi

212 3453 389 3527 orationes
414 3451 502 3526 duas
527 3466 621 3552 tuas,
646 3478 792 3554 quarum
817 3452 924 3527 altera
942 3450 1021 3525 Kal.
1038 3452 1111 3525 Ion.
1130 3470 1213 3524 usus

211 3602 264 3649 es:
290 3575 398 3651 altera
424 3578 470 3652 de
494 3578 604 3653 literis
628 3581 732 3678 meis,
758 3606 847 3681 quae
872 3579 992 3653 habita
1018 3593 1071 3652 est
1097 3578 1213 3651 abste

211 3716 332 3777 contra
350 3703 530 3778 Calenum.
555 3705 658 3780 Nunc
675 3705 810 3779 scilicet
826 3707 895 3780 hoc
913 3720 1110 3806 exspectas,
1127 3704 1212 3777 dum

210 3854 269 3902 eas
293 3828 442 3903 laudern.
467 3831 594 3905 Nescio
611 3833 733 3932 animi,
759 3859 804 3906 an
830 3834 959 3932 ingenii
979 3833 1158 3933 tuijmaior
1175 3833 1211 3905 iu

210 3952 265 4028 his
289 3953 424 4031 libellis·
439 3956 514 4032 laus
540 3960 770 4034 continentur.
795 3961 870 4038 lam
898 3960 1077 4058 concedo,
1099 3973 1139 4031 ut
1156 3957 1211 4032 vel
