2624 4830
243 407 309 480 130
552 421 730 468 setarum.
750 418 911 467 ccccxxv.
1008 418 1038 463 n.
1056 417 1090 465 v.
1107 420 1137 464 u.
1156 429 1204 478 510

237 532 279 606 D.
305 528 360 601 XI
385 521 559 596 Kalendas
583 521 717 614 Iunias,
742 543 785 592 ex
810 517 947 613 castris,
972 543 1014 589 ex
1040 520 1155 592 Ponte
1173 520 1232 593 Ar·

238 667 372 754 genten.

608 882 869 971 DCCCXXVI.
980 939 1027 994 (Μ
1043 937 1096 982 ns,
1113 935 1150 995 x,
1167 907 1210 993 25>

241 1086 459 1160 Argumentum.
481 1076 609 1148 Suadet,
628 1087 663 1136 nt
682 1078 724 1137 rei
746 1073 830 1156 publ.
850 1093 972 1157 opernm
987 1093 1099 1133 narare
1114 1083 1237 1154 pergat,

281 1207 357 1246 neve
377 1207 411 1246 cu
432 1188 540 1245 ornissn
562 1193 733 1266 praeturam
754 1183 903 1264 petiturus
916 1180 954 1241 ad
970 1183 1092 1241 comitis
1108 1180 1234 1239 festinet

418 1400 472 1452 Ser.
492 1400 586 1452 Romae
602 1398 635 1451 Α.
653 1398 687 1454 V.
704 1397 733 1452 C.
751 1397 856 1466 DCCX,
872 1415 958 1451 mense
976 1396 1053 1451 Maio.

510 1589 653 1653 ClCEllO
679 1590 708 1653 S.
733 1589 770 1652 D.
794 1588 964 1653 ἙἮὶΝΙΟι

295 1776 330 1850 Si
357 1776 516 1874 interest,
546 1774 585 1848 id
615 1776 711 1878 quod
743 1775 902 1849 homines
935 1773 1166 1875 arbitrantur,
1190 1776 1239 1848 rei

248 1902 407 2005 publicae
439 1914 493 2002 te,
524 1916 564 1976 ut
595 1902 774 1975 instituisti
810 1915 914 2002 atque
946 1900 1079 1999 iecisti,
1110 1926 1239 1974 navare

248 2054 390 2130 operam
407 2044 435 2129 ²,
458 2027 629 2129 rebusque
654 2029 831 2124 maximis,
855 2052 944 2127 quae
961 2025 1007 2099 ad
1023 2026 1240 2124 exstinguen-

248 2153 312 2227 das
342 2152 503 2255 reliquias
534 2152 616 2227 belli
648 2155 841 2253 pertinent,
865 2153 1051 2250 interesse,
1074 2151 1163 2224 nihil
1189 2153 1240 2223 vi-

249 2278 339 2353 deris
364 2278 486 2352 melius
503 2280 529 2378 ³,
551 2304 665 2380 neque
689 2277 914 2378 laudabilius,
928 2303 1043 2378 neque
1059 2276 1239 2351 honestius

175 2445 178 2450 ·
248 2402 360 2477 facere
384 2428 505 2504 posse,
528 2406 698 2506 istamque
724 2429 865 2505 operam
892 2417 1006 2501 tuam,
1030 2404 1240 2498 navitatem,

250 2527 402 2600 animum
426 2530 464 2601 in
488 2555 559 2601 rem
584 2528 759 2628 publicam
786 2528 953 2603 celeritati
977 2543 1163 2628 praeturae
1180 2556 1238 2601 an·
1275 2526 1279 2533 ’

250 2652 512 2754 teponendaml
528 2679 662 2728 censeo.
678 2654 771 2729 Nolo
787 2655 879 2727 enim
895 2668 929 2727 te
944 2655 1115 2754 ignorare,
1132 2680 1238 2755 quan·

251 2793 323 2851 tam
338 2777 476 2851 laudem
494 2793 700 2853 consecutus
716 2782 779 2854 sis:
804 2781 888 2854 mihi
907 2780 1025 2875 crede,
1045 2781 1239 2879 proximam

250 2901 400 3001 Planco,
422 2904 527 3006 idque
551 2906 659 3004 ipsius
683 2904 803 2978 Planci
822 2906 1036 3002 testimonio,
1062 2920 1240 3004 praeterea

251 3027 341 3102 lama
370 3029 614 3131 scientiaque⁵
640 3033 805 3104 omnium.
838 3028 1077 3124 Quamobrem
1102 3031 1131 3102 si
1158 3029 1242 3130 quid

251 3153 367 3255 operis
392 3153 455 3228 tibi
479 3158 584 3229 etiam
608 3182 702 3230 nunc
727 3170 851 3254 restat,
881 3154 919 3228 id
949 3157 1101 3228 maximo
1135 3181 1241 3255 opere

252 3303 378 3353 censeo
403 3283 691 3383 persequendum.
718 3282 814 3374 Quid
836 3283 927 3355 enim
945 3280 1126 3354 honestius
1140 3285 1167 3380 ⁶,
1183 3292 1243 3352 aut

252 3404 337 3505 quid
360 3405 510 3482 honesto
544 3407 850 3509 anteponenduml
883 3408 942 3479 Sin
968 3420 1116 3479 autemr
1144 3406 1242 3480 satis-

252 3527 380 3602 factum
406 3534 456 3604 rei
484 3532 644 3633 publicae
677 3549 797 3634 putas,
830 3532 987 3607 celeriter
1011 3533 1058 3605 ad
1084 3533 1248 3627 comitia,

254 3654 395 3753 quando
425 3671 560 3731 mature
588 3658 700 3733 lutura
734 3674 831 3758 sunt,
856 3657 1067 3733 veniendum
1101 3683 1242 3731 censeo:

256 3776 447 3853 dummodo
471 3806 516 3852 ue
546 3783 631 3882 quid
655 3783 740 3857 haec
773 3785 953 3858 ambitiosa
980 3784 1156 3856 festinatio
1181 3785 1243 3855 im·

258 3901 392 3978 minuat
407 3905 480 3979 eius
498 3905 635 4007 gloriae,
651 3936 753 4009 quam
772 3910 949 3985 consecuti
970 3935 1088 3983 sumus
1101 3910 1126 3983 ⁸.
1144 3906 1243 3982 Multi
