2624 4830
165 384 216 475 52'
413 367 415 375 Ι
491 425 661 474 suessona
690 425 814 472 necess.
938 420 969 469 u
989 423 1022 470 v.
1040 423 1069 470 c.
1088 431 1136 481 πο

163 523 277 600 laudis
311 525 514 601 viderentur
528 525 560 600 i:
591 524 654 601 sed
686 549 799 626 usque
831 521 924 614 mihi*
948 519 1161 621 temperavi,

40 736 44 744 ,
165 651 249 730 dum
273 652 505 755 perducerem
530 677 573 726 eo
599 677 689 752 rem,
720 665 760 725 ut
788 649 932 749 dignum
964 647 1098 750 aliquid
1125 661 1161 722 et

164 779 347 855 consulatu
371 807 468 881 meo,
493 781 534 854 et'
554 786 669 853 vestra
695 777 960 878 exspectatione
977 774 1159 854 effieeoem.

163 905 271 1000 Quod
288 933 409 1008 spero,
433 909 462 979 si
487 933 544 982 me
561 906 700 981 fortuna
717 931 790 980 non
808 902 981 1000 fefellerit,
1006 927 1063 975 me
1078 925 1160 977 oon·

163 1045 382 1110 secuturum:
407 1046 447 1107 ut
471 1034 624 1108 maximo
645 1031 818 1132 praesidio
843 1031 893 1105 rei
917 1027 1079 1129 pubiieae
1095 1054 1159 1104 nos

162 1159 268 1234 fuisse
293 1159 330 1234 et
354 1170 449 1234 nunc
474 1163 629 1235 sentiant
653 1158 831 1256 homines,
859 1171 896 1230 et
918 1158 955 1231 in
981 1169 1157 1256 posterum

163 1287 330 1360 memoria
362 1299 513 1361 teneant.
537 1289 630 1378 Ate
650 1301 761 1387 peto,
794 1298 834 1358 ut
867 1282 1028 1382 dignitati
1060 1307 1157 1356 meae

164 1408 374 1511 suffragetis3
397 1424 451 1512 et,
475 1439 622 1514 quarum
640 1437 755 1486 rerum
777 1435 841 1512 spe
866 1407 913 1483 ad
937 1406 1078 1487 laudem
1101 1431 1157 1485 ms

163 1537 314 1642 vocasti,
337 1536 463 1612 hurum
486 1537 602 1612 fructu
618 1539 656 1611 in
672 1536 871 1640 reliquunt
888 1533 995 1611 iacias
1010 1533 1156 1610 alnedo·

163 1685 247 1735 rem.
278 1660 360 1737 Non
389 1663 503 1736 minus
528 1646 632 1763 posse
659 1676 711 1763 te,
736 1687 842 1765 quam
865 1659 974 1759 veile,
998 1659 1156 1761 explosa-

157 1800 239 1895 ⁴tutu
260 1785 346 1870 uiti
370 1801 432 1869 est
458 1787 531 1870 Fac
556 1788 672 1868 valeas
688 1791 717 1896 ὅ,
742 1813 868 1896 meque
885 1801 1007 1863 mutuo
1026 1784 1155 1891 diligas.

488 2160 490 2165 ⁴
567 2169 752 2245 DCCCIII.
868 2156 941 2268 ana
956 2208 1009 2260 uu.
1027 2208 1130 2270 xum

161 2342 380 2426 differentem
400 2345 584 2415 Sententiam
605 2369 623 2412 a
644 2368 674 2407 se
696 2349 726 2413 iu
747 2356 851 2413 senatu
865 2366 900 2406 ex
913 2344 1061 2431 dignitate
1082 2343 1152 2406 cas·

165 2452 168 2457 ’
201 2453 237 2516 sii
256 2450 385 2526 dictam,
401 2452 588 2538 studensque
608 2454 639 2520 iu
660 2448 804 2524 concione
825 2452 985 2527 defensam·
1000 2447 1152 2536 signifieat

316 2667 370 2720 sa.
389 2668 483 2725 sau-e
500 2669 531 2723 a,
548 2669 582 2724 v.
600 2669 630 2723 e
650 2668 754 2739 uses,
771 2652 883 2729 nens
900 2666 1004 2725 uuna.

324 2866 368 2930 Μ.
391 2864 428 2931 Τ.
451 2867 595 2940 eltuto
619 2872 652 2933 C.
677 2869 816 2934 CASSIO
840 2869 871 2933 S.
896 2869 928 2931 Ρ.
952 2866 991 2930 Ι).

164 3105 168 3117 ·
210 3053 356 3148 Quanto
381 3056 499 3131 studio
524 3055 728 3156 dignitatem
748 3044 846 3131 tuam
868 3069 906 3130 et
928 3056 967 3129 iu
991 3060 1153 3155 senuu's‘,

161 3191 198 3252 et
213 3177 259 3253 ad
274 3181 446 3283 populum
466 3182 699 3283 defenderim,
723 3207 767 3256 ex
783 3183 852 3256 tuis
869 3196 904 3255 te
921 3179 1033 3282 maio,
1048 3204 1152 3288 quam

160 3327 203 3378 ex
217 3331 275 3380 me
292 3333 511 3408 cognoscere.
535 3311 637 3406 Quae
660 3333 738 3383 mea
754 3308 930 3382 iententia
941 3322 958 3357 ⁸
974 3308 1013 3381 in
1028 3319 1152 3382 senatu

159 3427 259 3506 facile
282 3433 470 3535 valuisset,
498 3437 565 3512 nisi
596 3437 712 3513 Pansa
738 3433 964 3530 vehementer
995 3431 1152 3510 obstitis·

159 3566 214 3634 set
229 3557 254 3628 ³·
279 3559 333 3641 Ea
357 3564 528 3640 sententia
554 3561 663 3666 diota,
686 3561 881 3667 productus
905 3585 984 3640 suus
1007 3560 1047 3639 iu
1071 3583 1152 3636 eou-
1181 3587 1186 3591 ·

107 3736 109 3739 .
159 3679 298 3759 cionem
322 3711 344 3762 a
369 3686 509 3763 tsibuuo
532 3688 662 3791 plebis,
685 3691 734 3765 Μ.
761 3687 916 3765 Servilio.
939 3687 1022 3764 Dixi
1037 3685 1084 3761 de
1099 3699 1151 3786 te,

159 3830 248 3908 quaa
279 3812 401 3912 potui,
432 3827 529 3890 tants
561 3816 801 3916 contentione,
833 3828 1004 3919 quantum
1034 3812 1149 3893 somn

159 3931 254 4034 est45
269 3946 369 4017 tauto
394 3937 545 4018 clamore
570 3967 809 4050 consensuque
834 3940 976 4049 popuii,
999 3953 1041 4019 ut
1064 3935 1149 4019 uihd

1032 4136 1041 4172 i
