<?xml version="1.0" encoding="UTF-8"?>
<!DOCTYPE html PUBLIC "-//W3C//DTD XHTML 1.0 Transitional//EN"
    "http://www.w3.org/TR/xhtml1/DTD/xhtml1-transitional.dtd">
<html xmlns="http://www.w3.org/1999/xhtml" xml:lang="en" lang="en">
 <head>
  <title>
</title>
<meta http-equiv="Content-Type" content="text/html;charset=utf-8" />
  <meta name='ocr-system' content='tesseract 3.04.00' />
  <meta name='ocr-capabilities' content='ocr_page ocr_carea ocr_par ocr_line ocrx_word'/>
</head>
<body>
  <div class='ocr_page' id='page_1' title='image "./mtulliiciceroni17cicegoog_0370.png"; bbox 0 0 2624 4830; ppageno 0'>
   <div class='ocr_carea' id='block_1_1' title="bbox 217 412 1283 2403">
    <p class='ocr_par' dir='ltr' id='par_1_1' title="bbox 217 412 1283 2403">
     <span class='ocr_line' id='line_1_1' title="bbox 227 412 1199 506; baseline -0.002 -19"><span class='ocrx_word' id='word_1_1' title='bbox 227 412 300 506; x_wconf 63' lang='lat'><strong>364</strong></span> <span class='ocrx_word' id='word_1_2' title='bbox 568 434 739 484; x_wconf 79' lang='lat' dir='ltr'><strong>crrsroua</strong></span> <span class='ocrx_word' id='word_1_3' title='bbox 764 436 860 485; x_wconf 73' lang='lat' dir='ltr'><strong>xxiv.</strong></span> <span class='ocrx_word' id='word_1_4' title='bbox 997 432 1079 484; x_wconf 69' lang='lat' dir='ltr'><strong>av.</strong></span> <span class='ocrx_word' id='word_1_5' title='bbox 1099 439 1129 486; x_wconf 89' lang='lat' dir='ltr'><strong>c.</strong></span> <span class='ocrx_word' id='word_1_6' title='bbox 1149 449 1199 501; x_wconf 70' lang='grc' dir='ltr'><strong>μ.</strong></span> 
     </span>
     <span class='ocr_line' id='line_1_2' title="bbox 224 532 1222 643; baseline 0.003 -32"><span class='ocrx_word' id='word_1_7' title='bbox 224 538 368 643; x_wconf 87' lang='lat' dir='ltr'><strong>quidem</strong></span> <span class='ocrx_word' id='word_1_8' title='bbox 399 534 605 637; x_wconf 84' lang='lat' dir='ltr'><strong>consularis,</strong></span> <span class='ocrx_word' id='word_1_9' title='bbox 630 551 667 609; x_wconf 89' lang='lat' dir='ltr'><strong>et</strong></span> <span class='ocrx_word' id='word_1_10' title='bbox 691 551 868 610; x_wconf 86' lang='lat' dir='ltr'><strong>tantorum</strong></span> <span class='ocrx_word' id='word_1_11' title='bbox 894 532 1064 609; x_wconf 86' lang='lat' dir='ltr'><strong>scelerum</strong></span> <span class='ocrx_word' id='word_1_12' title='bbox 1092 540 1222 613; x_wconf 82' lang='lat' dir='ltr'><strong>vindex</strong></span> 
     </span>
     <span class='ocr_line' id='line_1_3' title="bbox 224 659 1283 768; baseline -0.004 -31"><span class='ocrx_word' id='word_1_13' title='bbox 224 662 373 768; x_wconf 85' lang='lat' dir='ltr'><strong>(quihus</strong></span> <span class='ocrx_word' id='word_1_14' title='bbox 399 663 597 764; x_wconf 83' lang='lat' dir='ltr'>oppressis,</span> <span class='ocrx_word' id='word_1_15' title='bbox 624 687 763 760; x_wconf 77' lang='lat' dir='ltr'><strong>remor,</strong></span> <span class='ocrx_word' id='word_1_16' title='bbox 795 687 840 734; x_wconf 92' lang='lat' dir='ltr'><strong>ne</strong></span> <span class='ocrx_word' id='word_1_17' title='bbox 872 660 909 732; x_wconf 92' lang='lat' dir='ltr'><strong>in</strong></span> <span class='ocrx_word' id='word_1_18' title='bbox 943 659 1051 734; x_wconf 86' lang='lat' dir='ltr'><strong>breve</strong></span> <span class='ocrx_word' id='word_1_19' title='bbox 1085 677 1224 765; x_wconf 77' lang='lat' dir='ltr'><strong>ternpus</strong></span> <span class='ocrx_word' id='word_1_20' title='bbox 1280 724 1283 733; x_wconf 93' lang='lat'>.</span> 
     </span>
     <span class='ocr_line' id='line_1_4' title="bbox 224 786 1223 891; baseline 0 -29"><span class='ocrx_word' id='word_1_21' title='bbox 224 787 331 863; x_wconf 88' lang='lat' dir='ltr'><strong>dilata</strong></span> <span class='ocrx_word' id='word_1_22' title='bbox 349 787 394 862; x_wconf 90' lang='lat' dir='ltr'><strong>sit</strong></span> <span class='ocrx_word' id='word_1_23' title='bbox 411 786 473 861; x_wconf 88' lang='lat' dir='ltr'><strong>abs</strong></span> <span class='ocrx_word' id='word_1_24' title='bbox 491 801 525 860; x_wconf 89' lang='lat' dir='ltr'><strong>te</strong></span> <span class='ocrx_word' id='word_1_25' title='bbox 543 786 751 888; x_wconf 86' lang='lat' dir='ltr'><strong>pernicies),</strong></span> <span class='ocrx_word' id='word_1_26' title='bbox 776 787 836 889; x_wconf 94' lang='lat' dir='ltr'><strong>qui</strong></span> <span class='ocrx_word' id='word_1_27' title='bbox 854 800 957 886; x_wconf 89' lang='lat' dir='ltr'><strong>potes</strong></span> <span class='ocrx_word' id='word_1_28' title='bbox 975 786 1118 887; x_wconf 86' lang='lat' dir='ltr'><strong>intueri,</strong></span> <span class='ocrx_word' id='word_1_29' title='bbox 1135 816 1223 891; x_wconf 87' lang='lat' dir='ltr'><strong>quae</strong></span> 
     </span>
     <span class='ocr_line' id='line_1_5' title="bbox 222 886 1224 1014; baseline -0.001 -26"><span class='ocrx_word' id='word_1_30' title='bbox 222 886 383 1014; x_wconf 60' lang='lat' dir='ltr'><strong>gemetis,</strong></span> <span class='ocrx_word' id='word_1_31' title='bbox 408 912 512 987; x_wconf 85' lang='lat' dir='ltr'><strong>simul</strong></span> <span class='ocrx_word' id='word_1_32' title='bbox 535 927 571 986; x_wconf 87' lang='lat' dir='ltr'><strong>et</strong></span> <span class='ocrx_word' id='word_1_33' title='bbox 587 914 654 987; x_wconf 86' lang='lat' dir='ltr'><strong>ista</strong></span> <span class='ocrx_word' id='word_1_34' title='bbox 672 911 728 986; x_wconf 86' lang='lat' dir='ltr'><strong>vel</strong></span> <span class='ocrx_word' id='word_1_35' title='bbox 745 909 915 1014; x_wconf 81' lang='lat' dir='ltr'><strong>probare,</strong></span> <span class='ocrx_word' id='word_1_36' title='bbox 933 911 989 985; x_wconf 82' lang='lat' dir='ltr'><strong>vei</strong></span> <span class='ocrx_word' id='word_1_37' title='bbox 1008 912 1055 985; x_wconf 87' lang='lat' dir='ltr'><strong>ita</strong></span> <span class='ocrx_word' id='word_1_38' title='bbox 1074 913 1224 988; x_wconf 87' lang='lat' dir='ltr'><strong>demisse</strong></span> 
     </span>
     <span class='ocr_line' id='line_1_6' title="bbox 222 1034 1222 1140; baseline -0.001 -26"><span class='ocrx_word' id='word_1_39' title='bbox 222 1066 265 1114; x_wconf 84' lang='lat' dir='ltr'><strong>ac</strong></span> <span class='ocrx_word' id='word_1_40' title='bbox 284 1039 382 1113; x_wconf 83' lang='lat' dir='ltr'><strong>facile</strong></span> <span class='ocrx_word' id='word_1_41' title='bbox 400 1040 492 1140; x_wconf 87' lang='lat' dir='ltr'><strong>pati,</strong></span> <span class='ocrx_word' id='word_1_42' title='bbox 516 1053 557 1111; x_wconf 89' lang='lat' dir='ltr'><strong>ut</strong></span> <span class='ocrx_word' id='word_1_43' title='bbox 573 1038 756 1140; x_wconf 84' lang='lat' dir='ltr'><strong>probantis</strong></span> <span class='ocrx_word' id='word_1_44' title='bbox 774 1037 929 1139; x_wconf 84' lang='lat' dir='ltr'><strong>speciem</strong></span> <span class='ocrx_word' id='word_1_45' title='bbox 948 1034 1097 1112; x_wconf 71' lang='lat' dir='ltr'><strong>habeas?</strong></span> <span class='ocrx_word' id='word_1_46' title='bbox 1115 1040 1222 1132; x_wconf 91' lang='lat' dir='ltr'><strong>Quod</strong></span> 
     </span>
     <span class='ocr_line' id='line_1_7' title="bbox 223 1163 1223 1266; baseline -0.001 -27"><span class='ocrx_word' id='word_1_47' title='bbox 223 1178 339 1239; x_wconf 77' lang='lat' dir='ltr'><strong>autem</strong></span> <span class='ocrx_word' id='word_1_48' title='bbox 366 1165 430 1238; x_wconf 87' lang='lat' dir='ltr'><strong>tihi</strong></span> <span class='ocrx_word' id='word_1_49' title='bbox 456 1191 537 1239; x_wconf 90' lang='lat' dir='ltr'><strong>cum</strong></span> <span class='ocrx_word' id='word_1_50' title='bbox 562 1165 717 1239; x_wconf 81' lang='lat' dir='ltr'><strong>Antonio</strong></span> <span class='ocrx_word' id='word_1_51' title='bbox 738 1165 915 1264; x_wconf 82' lang='lat' dir='ltr'><strong>privatum</strong></span> <span class='ocrx_word' id='word_1_52' title='bbox 933 1163 1076 1237; x_wconf 78' lang='lat' dir='ltr'><strong>odiumi</strong></span> <span class='ocrx_word' id='word_1_53' title='bbox 1094 1191 1223 1266; x_wconf 82' lang='lat' dir='ltr'><strong>nempe</strong></span> 
     </span>
     <span class='ocr_line' id='line_1_8' title="bbox 224 1288 1222 1393; baseline 0 -31"><span class='ocrx_word' id='word_1_54' title='bbox 224 1293 304 1393; x_wconf 88' lang='lat' dir='ltr'><strong>quia</strong></span> <span class='ocrx_word' id='word_1_55' title='bbox 330 1289 532 1392; x_wconf 84' lang='lat' dir='ltr'><strong>postulabat</strong></span> <span class='ocrx_word' id='word_1_56' title='bbox 547 1290 651 1364; x_wconf 85' lang='lat' dir='ltr'><strong>haec:</strong></span> <span class='ocrx_word' id='word_1_57' title='bbox 676 1290 824 1364; x_wconf 88' lang='lat' dir='ltr'><strong>salutem</strong></span> <span class='ocrx_word' id='word_1_58' title='bbox 850 1288 895 1362; x_wconf 91' lang='lat' dir='ltr'><strong>ab</strong></span> <span class='ocrx_word' id='word_1_59' title='bbox 920 1315 958 1362; x_wconf 88' lang='lat' dir='ltr'><strong>se</strong></span> <span class='ocrx_word' id='word_1_60' title='bbox 983 1291 1074 1389; x_wconf 83' lang='lat' dir='ltr'><strong>peti,</strong></span> <span class='ocrx_word' id='word_1_61' title='bbox 1099 1317 1222 1390; x_wconf 85' lang='lat' dir='ltr'><strong>preca·</strong></span> 
     </span>
     <span class='ocr_line' id='line_1_9' title="bbox 222 1415 1223 1516; baseline -0.004 -26"><span class='ocrx_word' id='word_1_62' title='bbox 222 1418 310 1490; x_wconf 87' lang='lat' dir='ltr'><strong>riam</strong></span> <span class='ocrx_word' id='word_1_63' title='bbox 336 1440 401 1490; x_wconf 85' lang='lat' dir='ltr'><strong>nos</strong></span> <span class='ocrx_word' id='word_1_64' title='bbox 425 1416 705 1489; x_wconf 73' lang='lat' dir='ltr'>incolumitatem</span> <span class='ocrx_word' id='word_1_65' title='bbox 730 1415 877 1516; x_wconf 86' lang='lat' dir='ltr'><strong>habere,</strong></span> <span class='ocrx_word' id='word_1_66' title='bbox 902 1442 923 1489; x_wconf 88' lang='lat' dir='ltr'><strong>a</strong></span> <span class='ocrx_word' id='word_1_67' title='bbox 947 1415 1074 1516; x_wconf 89' lang='lat' dir='ltr'><strong>quibus</strong></span> <span class='ocrx_word' id='word_1_68' title='bbox 1093 1417 1168 1516; x_wconf 84' lang='lat' dir='ltr'><strong>ipse</strong></span> <span class='ocrx_word' id='word_1_69' title='bbox 1185 1418 1223 1487; x_wconf 89' lang='lat' dir='ltr'><strong>ii-</strong></span> 
     </span>
     <span class='ocr_line' id='line_1_10' title="bbox 221 1541 1219 1642; baseline 0.001 -26"><span class='ocrx_word' id='word_1_70' title='bbox 221 1541 395 1616; x_wconf 85' lang='lat' dir='ltr'><strong>bertatem</strong></span> <span class='ocrx_word' id='word_1_71' title='bbox 427 1543 637 1642; x_wconf 79' lang='lat' dir='ltr'><strong>accepisset,</strong></span> <span class='ocrx_word' id='word_1_72' title='bbox 662 1568 737 1616; x_wconf 88' lang='lat' dir='ltr'><strong>esse</strong></span> <span class='ocrx_word' id='word_1_73' title='bbox 771 1542 953 1616; x_wconf 82' lang='lat' dir='ltr'>arbitrium</span> <span class='ocrx_word' id='word_1_74' title='bbox 984 1567 1085 1615; x_wconf 91' lang='lat' dir='ltr'><strong>snum</strong></span> <span class='ocrx_word' id='word_1_75' title='bbox 1113 1541 1219 1617; x_wconf 89' lang='lat' dir='ltr'><strong>dere</strong></span> 
     </span>
     <span class='ocr_line' id='line_1_11' title="bbox 222 1667 1218 1771; baseline 0.002 -31"><span class='ocrx_word' id='word_1_76' title='bbox 222 1667 371 1769; x_wconf 88' lang='lat' dir='ltr'><strong>publica.</strong></span> <span class='ocrx_word' id='word_1_77' title='bbox 397 1667 607 1761; x_wconf 83' lang='lat' dir='ltr'><strong>Quaerenda</strong></span> <span class='ocrx_word' id='word_1_78' title='bbox 631 1695 707 1742; x_wconf 89' lang='lat' dir='ltr'><strong>esse</strong></span> <span class='ocrx_word' id='word_1_79' title='bbox 724 1695 819 1743; x_wconf 87' lang='lat' dir='ltr'><strong>arma</strong></span> <span class='ocrx_word' id='word_1_80' title='bbox 838 1668 986 1770; x_wconf 79' lang='lat' dir='ltr'><strong>putasti,</strong></span> <span class='ocrx_word' id='word_1_81' title='bbox 1011 1668 1137 1771; x_wconf 91' lang='lat' dir='ltr'><strong>quibus</strong></span> <span class='ocrx_word' id='word_1_82' title='bbox 1156 1670 1218 1742; x_wconf 77' lang='lat' dir='ltr'><strong>du</strong></span> 
     </span>
     <span class='ocr_line' id='line_1_12' title="bbox 219 1794 1223 1896; baseline 0 -27"><span class='ocrx_word' id='word_1_83' title='bbox 219 1794 350 1869; x_wconf 86' lang='lat' dir='ltr'><strong>minari</strong></span> <span class='ocrx_word' id='word_1_84' title='bbox 370 1795 629 1896; x_wconf 78' lang='lat' dir='ltr'><strong>prohiberetur:</strong></span> <span class='ocrx_word' id='word_1_85' title='bbox 662 1795 812 1895; x_wconf 87' lang='lat' dir='ltr'><strong>scilicet,</strong></span> <span class='ocrx_word' id='word_1_86' title='bbox 844 1809 900 1894; x_wconf 87' lang='lat' dir='ltr'><strong>ut,</strong></span> <span class='ocrx_word' id='word_1_87' title='bbox 932 1794 993 1869; x_wconf 85' lang='lat' dir='ltr'><strong>iilo</strong></span> <span class='ocrx_word' id='word_1_88' title='bbox 1022 1795 1223 1896; x_wconf 84' lang='lat' dir='ltr'><strong>prohibito,</strong></span> 
     </span>
     <span class='ocr_line' id='line_1_13' title="bbox 218 1921 1219 2024; baseline -0.002 -27"><span class='ocrx_word' id='word_1_89' title='bbox 218 1945 419 2021; x_wconf 79' lang='lat' dir='ltr'><strong>rogaremus</strong></span> <span class='ocrx_word' id='word_1_90' title='bbox 444 1921 608 2023; x_wconf 80' lang='lat' dir='ltr'><strong>aiterum,</strong></span> <span class='ocrx_word' id='word_1_91' title='bbox 634 1924 692 2023; x_wconf 94' lang='lat' dir='ltr'><strong>qui</strong></span> <span class='ocrx_word' id='word_1_92' title='bbox 719 1949 755 1996; x_wconf 89' lang='lat' dir='ltr'><strong>sa</strong></span> <span class='ocrx_word' id='word_1_93' title='bbox 782 1923 818 1995; x_wconf 91' lang='lat' dir='ltr'><strong>in</strong></span> <span class='ocrx_word' id='word_1_94' title='bbox 844 1923 918 1995; x_wconf 87' lang='lat' dir='ltr'><strong>eius</strong></span> <span class='ocrx_word' id='word_1_95' title='bbox 943 1921 1063 1995; x_wconf 91' lang='lat' dir='ltr'><strong>locum</strong></span> <span class='ocrx_word' id='word_1_96' title='bbox 1092 1923 1219 2024; x_wconf 90' lang='lat' dir='ltr'><strong>reponi</strong></span> 
     </span>
     <span class='ocr_line' id='line_1_14' title="bbox 217 2029 1222 2149; baseline 0.001 -27"><span class='ocrx_word' id='word_1_97' title='bbox 217 2061 413 2149; x_wconf 81' lang='lat' dir='ltr'><strong>pateretur,</strong></span> <span class='ocrx_word' id='word_1_98' title='bbox 438 2075 504 2146; x_wconf 80' lang='lat' dir='ltr'><strong>an,</strong></span> <span class='ocrx_word' id='word_1_99' title='bbox 529 2064 569 2123; x_wconf 87' lang='lat' dir='ltr'><strong>ut</strong></span> <span class='ocrx_word' id='word_1_100' title='bbox 593 2063 687 2123; x_wconf 87' lang='lat' dir='ltr'><strong>esset</strong></span> <span class='ocrx_word' id='word_1_101' title='bbox 715 2049 769 2127; x_wconf 84' lang='lat' dir='ltr'><strong>aui</strong></span> <span class='ocrx_word' id='word_1_102' title='bbox 793 2048 876 2122; x_wconf 88' lang='lat' dir='ltr'><strong>iuris</strong></span> <span class='ocrx_word' id='word_1_103' title='bbox 903 2075 945 2121; x_wconf 90' lang='lat' dir='ltr'><strong>ac</strong></span> <span class='ocrx_word' id='word_1_104' title='bbox 969 2029 1138 2148; x_wconf 84' lang='lat' dir='ltr'><strong>mancipii</strong></span> <span class='ocrx_word' id='word_1_105' title='bbox 1163 2075 1222 2123; x_wconf 88' lang='lat' dir='ltr'><strong>res</strong></span> 
     </span>
     <span class='ocr_line' id='line_1_15' title="bbox 218 2173 1222 2275; baseline -0.001 -27"><span class='ocrx_word' id='word_1_106' title='bbox 218 2173 381 2275; x_wconf 85' lang='lat' dir='ltr'><strong>publicai</strong></span> <span class='ocrx_word' id='word_1_107' title='bbox 405 2175 480 2249; x_wconf 88' lang='lat' dir='ltr'><strong>Nisi</strong></span> <span class='ocrx_word' id='word_1_108' title='bbox 499 2175 604 2273; x_wconf 83' lang='lat' dir='ltr'><strong>sorte,</strong></span> <span class='ocrx_word' id='word_1_109' title='bbox 628 2199 703 2249; x_wconf 90' lang='lat' dir='ltr'><strong>non</strong></span> <span class='ocrx_word' id='word_1_110' title='bbox 720 2173 964 2274; x_wconf 70' lang='lat' dir='ltr'><strong>deservitum,</strong></span> <span class='ocrx_word' id='word_1_111' title='bbox 989 2174 1053 2248; x_wconf 85' lang='lat' dir='ltr'><strong>sed</strong></span> <span class='ocrx_word' id='word_1_112' title='bbox 1070 2174 1116 2248; x_wconf 91' lang='lat' dir='ltr'><strong>de</strong></span> <span class='ocrx_word' id='word_1_113' title='bbox 1133 2200 1222 2248; x_wconf 68' lang='lat' dir='ltr'><strong>com</strong></span> 
     </span>
     <span class='ocr_line' id='line_1_16' title="bbox 220 2300 1220 2403; baseline 0 -30"><span class='ocrx_word' id='word_1_114' title='bbox 220 2300 354 2375; x_wconf 81' lang='lat' dir='ltr'><strong>ditione</strong></span> <span class='ocrx_word' id='word_1_115' title='bbox 370 2302 543 2374; x_wconf 87' lang='lat' dir='ltr'><strong>serviendi</strong></span> <span class='ocrx_word' id='word_1_116' title='bbox 562 2315 758 2375; x_wconf 88' lang='lat' dir='ltr'><strong>recusatum</strong></span> <span class='ocrx_word' id='word_1_117' title='bbox 775 2314 829 2374; x_wconf 89' lang='lat' dir='ltr'><strong>est</strong></span> <span class='ocrx_word' id='word_1_118' title='bbox 846 2326 867 2374; x_wconf 93' lang='lat' dir='ltr'><strong>a</strong></span> <span class='ocrx_word' id='word_1_119' title='bbox 883 2301 996 2375; x_wconf 84' lang='lat' dir='ltr'><strong>nobis.</strong></span> <span class='ocrx_word' id='word_1_120' title='bbox 1018 2302 1128 2403; x_wconf 81' lang='lat' dir='ltr'>Atqui</span> <span class='ocrx_word' id='word_1_121' title='bbox 1145 2326 1220 2374; x_wconf 87' lang='lat' dir='ltr'><strong>non</strong></span> 
     </span>
    </p>
   </div>
   <div class='ocr_carea' id='block_1_2' title="bbox 217 2423 1220 2908">
    <p class='ocr_par' dir='ltr' id='par_1_2' title="bbox 217 2423 1220 2908">
     <span class='ocr_line' id='line_1_17' title="bbox 218 2423 1219 2537; baseline 0.002 -38"><span class='ocrx_word' id='word_1_122' title='bbox 218 2423 333 2501; x_wconf 80' lang='lat' dir='ltr'><strong>solum</strong></span> <span class='ocrx_word' id='word_1_123' title='bbox 364 2425 461 2500; x_wconf 89' lang='lat' dir='ltr'><strong>bono</strong></span> <span class='ocrx_word' id='word_1_124' title='bbox 496 2427 642 2537; x_wconf 82' lang='lat' dir='ltr'><strong>domiuo</strong></span> <span class='ocrx_word' id='word_1_125' title='bbox 675 2428 856 2529; x_wconf 86' lang='lat' dir='ltr'><strong>potuimus</strong></span> <span class='ocrx_word' id='word_1_126' title='bbox 880 2428 1036 2502; x_wconf 81' lang='lat' dir='ltr'><strong>Antonio</strong></span> <span class='ocrx_word' id='word_1_127' title='bbox 1072 2425 1219 2502; x_wconf 76' lang='lat' dir='ltr'><strong>tolerare</strong></span> 
     </span>
     <span class='ocr_line' id='line_1_18' title="bbox 219 2553 1219 2656; baseline 0.002 -32"><span class='ocrx_word' id='word_1_128' title='bbox 219 2565 379 2625; x_wconf 89' lang='lat' dir='ltr'><strong>nostram</strong></span> <span class='ocrx_word' id='word_1_129' title='bbox 404 2553 595 2653; x_wconf 78' lang='lat' dir='ltr'><strong>fortunam,</strong></span> <span class='ocrx_word' id='word_1_130' title='bbox 620 2554 683 2628; x_wconf 91' lang='lat' dir='ltr'><strong>sed</strong></span> <span class='ocrx_word' id='word_1_131' title='bbox 707 2556 814 2628; x_wconf 89' lang='lat' dir='ltr'><strong>etiam</strong></span> <span class='ocrx_word' id='word_1_132' title='bbox 838 2553 1017 2628; x_wconf 87' lang='lat' dir='ltr'><strong>beneficiis</strong></span> <span class='ocrx_word' id='word_1_133' title='bbox 1035 2568 1139 2656; x_wconf 88' lang='lat' dir='ltr'><strong>atque</strong></span> <span class='ocrx_word' id='word_1_134' title='bbox 1157 2554 1219 2626; x_wconf 83' lang='lat' dir='ltr'><strong>iro-</strong></span> 
     </span>
     <span class='ocr_line' id='line_1_19' title="bbox 219 2676 1220 2783; baseline 0.003 -34"><span class='ocrx_word' id='word_1_135' title='bbox 219 2676 379 2777; x_wconf 76' lang='lat' dir='ltr'><strong>noiibus⁷</strong></span> <span class='ocrx_word' id='word_1_136' title='bbox 395 2692 436 2750; x_wconf 88' lang='lat' dir='ltr'><strong>ut</strong></span> <span class='ocrx_word' id='word_1_137' title='bbox 452 2681 658 2780; x_wconf 79' lang='lat' dir='ltr'><strong>participes,</strong></span> <span class='ocrx_word' id='word_1_138' title='bbox 673 2680 756 2779; x_wconf 84' lang='lat' dir='ltr'><strong>frui,</strong></span> <span class='ocrx_word' id='word_1_139' title='bbox 772 2683 912 2783; x_wconf 84' lang='lat' dir='ltr'><strong>quantis</strong></span> <span class='ocrx_word' id='word_1_140' title='bbox 929 2679 1105 2753; x_wconf 82' lang='lat' dir='ltr'><strong>vellemus.</strong></span> <span class='ocrx_word' id='word_1_141' title='bbox 1123 2679 1220 2772; x_wconf 90' lang='lat' dir='ltr'><strong>Quid</strong></span> 
     </span>
     <span class='ocr_line' id='line_1_20' title="bbox 217 2803 1220 2908; baseline 0.003 -33"><span class='ocrx_word' id='word_1_142' title='bbox 217 2803 313 2876; x_wconf 89' lang='lat' dir='ltr'><strong>enim</strong></span> <span class='ocrx_word' id='word_1_143' title='bbox 340 2818 483 2902; x_wconf 84' lang='lat' dir='ltr'><strong>negaret</strong></span> <span class='ocrx_word' id='word_1_144' title='bbox 507 2806 566 2904; x_wconf 81' lang='lat' dir='ltr'><strong>iis,</strong></span> <span class='ocrx_word' id='word_1_145' title='bbox 590 2832 738 2908; x_wconf 90' lang='lat' dir='ltr'><strong>quorum</strong></span> <span class='ocrx_word' id='word_1_146' title='bbox 764 2807 970 2907; x_wconf 84' lang='lat' dir='ltr'><strong>patientiam</strong></span> <span class='ocrx_word' id='word_1_147' title='bbox 997 2805 1133 2880; x_wconf 85' lang='lat' dir='ltr'><strong>videret</strong></span> <span class='ocrx_word' id='word_1_148' title='bbox 1148 2832 1220 2878; x_wconf 92' lang='lat' dir='ltr'><strong>ma·</strong></span> 
     </span>
    </p>
   </div>
   <div class='ocr_carea' id='block_1_3' title="bbox 215 2931 1219 4043">
    <p class='ocr_par' dir='ltr' id='par_1_3' title="bbox 215 2931 1219 4043">
     <span class='ocr_line' id='line_1_21' title="bbox 218 2931 1219 3034; baseline 0.001 -31"><span class='ocrx_word' id='word_1_149' title='bbox 218 2932 350 3004; x_wconf 80' lang='lat' dir='ltr'><strong>ximum</strong></span> <span class='ocrx_word' id='word_1_150' title='bbox 377 2958 459 3005; x_wconf 91' lang='lat' dir='ltr'><strong>suae</strong></span> <span class='ocrx_word' id='word_1_151' title='bbox 493 2932 741 3008; x_wconf 83' lang='lat' dir='ltr'><strong>dominationis</strong></span> <span class='ocrx_word' id='word_1_152' title='bbox 774 2933 985 3034; x_wconf 87' lang='lat' dir='ltr'><strong>praesidium</strong></span> <span class='ocrx_word' id='word_1_153' title='bbox 1019 2931 1116 3006; x_wconf 77' lang='lat' dir='ltr'><strong>esse?</strong></span> <span class='ocrx_word' id='word_1_154' title='bbox 1149 2931 1219 3004; x_wconf 87' lang='lat' dir='ltr'><strong>Sed</strong></span> 
     </span>
     <span class='ocr_line' id='line_1_22' title="bbox 218 3055 1218 3161; baseline 0 -31"><span class='ocrx_word' id='word_1_155' title='bbox 218 3055 306 3130; x_wconf 88' lang='lat' dir='ltr'><strong>nihii</strong></span> <span class='ocrx_word' id='word_1_156' title='bbox 332 3058 420 3130; x_wconf 88' lang='lat' dir='ltr'><strong>tanti</strong></span> <span class='ocrx_word' id='word_1_157' title='bbox 445 3059 532 3158; x_wconf 79' lang='lat' dir='ltr'><strong>suit,</strong></span> <span class='ocrx_word' id='word_1_158' title='bbox 563 3085 633 3161; x_wconf 91' lang='lat' dir='ltr'><strong>quo</strong></span> <span class='ocrx_word' id='word_1_159' title='bbox 666 3061 898 3134; x_wconf 82' lang='lat' dir='ltr'><strong>venderemus</strong></span> <span class='ocrx_word' id='word_1_160' title='bbox 928 3058 1033 3133; x_wconf 88' lang='lat' dir='ltr'><strong>fidem</strong></span> <span class='ocrx_word' id='word_1_161' title='bbox 1059 3072 1218 3131; x_wconf 85' lang='lat' dir='ltr'><strong>nostram</strong></span> 
     </span>
     <span class='ocr_line' id='line_1_23' title="bbox 218 3181 1218 3289; baseline 0.001 -33"><span class='ocrx_word' id='word_1_162' title='bbox 218 3195 256 3256; x_wconf 84' lang='lat' dir='ltr'><strong>et</strong></span> <span class='ocrx_word' id='word_1_163' title='bbox 278 3181 484 3258; x_wconf 84' lang='lat' dir='ltr'><strong>libertatem.</strong></span> <span class='ocrx_word' id='word_1_164' title='bbox 510 3187 579 3261; x_wconf 89' lang='lat' dir='ltr'><strong>Hic</strong></span> <span class='ocrx_word' id='word_1_165' title='bbox 604 3189 679 3287; x_wconf 89' lang='lat' dir='ltr'><strong>ipse</strong></span> <span class='ocrx_word' id='word_1_166' title='bbox 706 3213 810 3289; x_wconf 77' lang='lat' dir='ltr'><strong>puer²</strong></span> <span class='ocrx_word' id='word_1_167' title='bbox 839 3212 944 3288; x_wconf 89' lang='lat' dir='ltr'><strong>quem</strong></span> <span class='ocrx_word' id='word_1_168' title='bbox 969 3184 1127 3259; x_wconf 87' lang='lat' dir='ltr'><strong>Caesaris</strong></span> <span class='ocrx_word' id='word_1_169' title='bbox 1152 3209 1218 3257; x_wconf 89' lang='lat' dir='ltr'><strong>no-</strong></span> 
     </span>
     <span class='ocr_line' id='line_1_24' title="bbox 218 3310 1218 3407; baseline -0.002 -23"><span class='ocrx_word' id='word_1_170' title='bbox 218 3335 300 3384; x_wconf 90' lang='lat' dir='ltr'><strong>men</strong></span> <span class='ocrx_word' id='word_1_171' title='bbox 336 3312 480 3386; x_wconf 90' lang='lat' dir='ltr'><strong>incitare</strong></span> <span class='ocrx_word' id='word_1_172' title='bbox 517 3312 655 3387; x_wconf 86' lang='lat' dir='ltr'><strong>videtur</strong></span> <span class='ocrx_word' id='word_1_173' title='bbox 691 3315 728 3385; x_wconf 89' lang='lat' dir='ltr'><strong>in</strong></span> <span class='ocrx_word' id='word_1_174' title='bbox 765 3314 922 3387; x_wconf 83' lang='lat' dir='ltr'><strong>Caesaris</strong></span> <span class='ocrx_word' id='word_1_175' title='bbox 960 3310 1218 3407; x_wconf 77' lang='lat' dir='ltr'><strong>interfectores,</strong></span> 
     </span>
     <span class='ocr_line' id='line_1_25' title="bbox 219 3436 1217 3537; baseline 0 -29"><span class='ocrx_word' id='word_1_176' title='bbox 219 3439 341 3537; x_wconf 88' lang='lat' dir='ltr'><strong>quanti</strong></span> <span class='ocrx_word' id='word_1_177' title='bbox 366 3439 525 3511; x_wconf 84' lang='lat' dir='ltr'><strong>aestimet</strong></span> <span class='ocrx_word' id='word_1_178' title='bbox 551 3440 603 3524; x_wconf 89' lang='lat' dir='ltr'><strong>(si</strong></span> <span class='ocrx_word' id='word_1_179' title='bbox 630 3440 675 3512; x_wconf 86' lang='lat' dir='ltr'><strong>sit</strong></span> <span class='ocrx_word' id='word_1_180' title='bbox 704 3439 915 3512; x_wconf 85' lang='lat' dir='ltr'><strong>commercio</strong></span> <span class='ocrx_word' id='word_1_181' title='bbox 947 3436 1070 3527; x_wconf 89' lang='lat' dir='ltr'><strong>locus)</strong></span> <span class='ocrx_word' id='word_1_182' title='bbox 1096 3461 1217 3537; x_wconf 82' lang='lat' dir='ltr'><strong>posse,</strong></span> 
     </span>
     <span class='ocr_line' id='line_1_26' title="bbox 217 3559 1217 3667; baseline 0.001 -35"><span class='ocrx_word' id='word_1_183' title='bbox 217 3559 320 3633; x_wconf 89' lang='lat' dir='ltr'><strong>nobis</strong></span> <span class='ocrx_word' id='word_1_184' title='bbox 346 3562 565 3661; x_wconf 86' lang='lat' dir='ltr'><strong>auctoribus,</strong></span> <span class='ocrx_word' id='word_1_185' title='bbox 591 3578 745 3662; x_wconf 87' lang='lat' dir='ltr'><strong>tantum,</strong></span> <span class='ocrx_word' id='word_1_186' title='bbox 770 3579 939 3667; x_wconf 88' lang='lat' dir='ltr'><strong>quantum</strong></span> <span class='ocrx_word' id='word_1_187' title='bbox 956 3563 1116 3663; x_wconf 86' lang='lat' dir='ltr'><strong>profecto</strong></span> <span class='ocrx_word' id='word_1_188' title='bbox 1135 3574 1217 3662; x_wconf 86' lang='lat' dir='ltr'><strong>pot·</strong></span> 
     </span>
     <span class='ocr_line' id='line_1_27' title="bbox 217 3687 1217 3791; baseline 0.003 -35"><span class='ocrx_word' id='word_1_189' title='bbox 217 3689 301 3781; x_wconf 75' lang='lat' dir='ltr'><strong>erit,</strong></span> <span class='ocrx_word' id='word_1_190' title='bbox 326 3689 491 3787; x_wconf 88' lang='lat' dir='ltr'><strong>quoniam</strong></span> <span class='ocrx_word' id='word_1_191' title='bbox 517 3691 651 3786; x_wconf 84' lang='lat' dir='ltr'><strong>vivere,</strong></span> <span class='ocrx_word' id='word_1_192' title='bbox 676 3704 711 3763; x_wconf 86' lang='lat' dir='ltr'><strong>et</strong></span> <span class='ocrx_word' id='word_1_193' title='bbox 729 3693 894 3791; x_wconf 81' lang='lat' dir='ltr'><strong>pecunias</strong></span> <span class='ocrx_word' id='word_1_194' title='bbox 910 3690 1056 3787; x_wconf 81' lang='lat' dir='ltr'><strong>habere,</strong></span> <span class='ocrx_word' id='word_1_195' title='bbox 1081 3701 1117 3759; x_wconf 86' lang='lat' dir='ltr'><strong>et</strong></span> <span class='ocrx_word' id='word_1_196' title='bbox 1144 3687 1217 3760; x_wconf 91' lang='lat' dir='ltr'><strong>dici</strong></span> 
     </span>
     <span class='ocr_line' id='line_1_28' title="bbox 217 3811 1217 3918; baseline 0.004 -37"><span class='ocrx_word' id='word_1_197' title='bbox 217 3811 416 3885; x_wconf 84' lang='lat' dir='ltr'><strong>consulares</strong></span> <span class='ocrx_word' id='word_1_198' title='bbox 433 3813 616 3888; x_wconf 71' lang='lat' dir='ltr'><strong>voluimus?</strong></span> <span class='ocrx_word' id='word_1_199' title='bbox 640 3817 803 3890; x_wconf 88' lang='lat' dir='ltr'><strong>Ceterum</strong></span> <span class='ocrx_word' id='word_1_200' title='bbox 821 3818 1052 3918; x_wconf 88' lang='lat' dir='ltr'><strong>nequicquam</strong></span> <span class='ocrx_word' id='word_1_201' title='bbox 1070 3815 1217 3914; x_wconf 90' lang='lat' dir='ltr'><strong>perierit</strong></span> 
     </span>
     <span class='ocr_line' id='line_1_29' title="bbox 215 3933 1216 4043; baseline 0 -36"><span class='ocrx_word' id='word_1_202' title='bbox 215 3933 289 4008; x_wconf 84' lang='lat' dir='ltr'><strong>iile:</strong></span> <span class='ocrx_word' id='word_1_203' title='bbox 316 3938 412 4011; x_wconf 85' lang='lat' dir='ltr'><strong>cuins</strong></span> <span class='ocrx_word' id='word_1_204' title='bbox 438 3941 579 4014; x_wconf 89' lang='lat' dir='ltr'><strong>interitu</strong></span> <span class='ocrx_word' id='word_1_205' title='bbox 606 3942 691 4043; x_wconf 88' lang='lat' dir='ltr'><strong>qnid</strong></span> <span class='ocrx_word' id='word_1_206' title='bbox 717 3945 826 4039; x_wconf 86' lang='lat' dir='ltr'><strong>gavisi</strong></span> <span class='ocrx_word' id='word_1_207' title='bbox 856 3969 992 4039; x_wconf 83' lang='lat' dir='ltr'><strong>sumus,</strong></span> <span class='ocrx_word' id='word_1_208' title='bbox 1017 3941 1045 4013; x_wconf 92' lang='lat' dir='ltr'><strong>si</strong></span> <span class='ocrx_word' id='word_1_209' title='bbox 1072 3954 1216 4017; x_wconf 84' lang='lat' dir='ltr'><strong>mortno</strong></span> 
     </span>
    </p>
   </div>
   <div class='ocr_carea' id='block_1_4' title="bbox 0 0 1316 4830">
    <p class='ocr_par' dir='ltr' id='par_1_4' title="bbox 0 0 1316 4830">
     <span class='ocr_line' id='line_1_30' title="bbox 0 0 1316 4830; baseline 0 2"><span class='ocrx_word' id='word_1_210' title='bbox 0 0 1316 4830; x_wconf 95' lang='lat' dir='ltr'><strong> </strong></span> 
     </span>
    </p>
   </div>
  </div>
 </body>
</html>
