2624 4830
266 421 317 495 8⁰
604 439 775 492 rrrsrou
800 443 932 492 occur.
1041 440 1123 494 cr.
1138 442 1169 492 c
1186 454 1234 504 ιι.

461 591 475 621 s

358 662 1170 740 Soe.i·nurssqus.mnoex,1uuffl

421 871 460 933 Ι).
482 869 637 934 BRVTVS
660 869 744 932 me.
766 868 854 934 008.
875 867 991 932 DES.¹
1014 867 1047 933 S.
1067 867 1108 932 n.

637 979 682 1043 sl.
705 977 894 1044 CICERONI

314 1169 430 1245 Pensa
462 1169 608 1268 emisso,
639 1181 810 1270 quanm
845 1164 1046 1243 deuimmti
1075 1191 1133 1242 res
1164 1164 1259 1268 pubi.

266 1297 445 1398 acceperit
460 1313 486 1396 ¹,
507 1321 584 1369 uon
608 1308 645 1368 te
667 1294 844 1396 praeterit
867 1292 971 1368 Nunc
995 1294 1203 1368 auctoritate
1224 1306 1261 1367 et

265 1421 453 1523 prudentis
486 1434 546 1494 tus
571 1422 767 1523 prospicias
790 1433 948 1522 oportet,
971 1445 1017 1493 ue
1040 1419 1174 1494 inimici
1196 1443 1260 1494 uo·

265 1551 346 1649 stri,
369 1546 571 1624 consulibus
593 1546 740 1621 sublatis
756 1549 784 1646 ³,
806 1560 950 1648 spmot
964 1572 1002 1620 se
1018 1543 1260 1621 convalescere

264 1701 380 1776 posse
410 1677 508 1775 Ego,
533 1701 578 1747 ue
603 1675 795 1748 consistere
826 1674 941 1776 possit
962 1675 1000 1746 iu
1023 1670 1126 1747 liclia
1149 1673 1260 1748 Autu-

264 1801 360 1901 nius,
375 1799 470 1876 dabo
486 1826 641 1904 operam.
665 1801 799 1904 Sequor
813 1826 895 1874 eum
911 1799 1104 1875 confestim
1119 1797 1265 1898 Vtrum

266 1953 337 2029 que
360 1955 418 2002 me
443 1942 701 2030 praestaturum
716 1953 839 2030 spero,
854 1953 900 2002 ue
915 1940 978 2001 eut
992 1923 1180 2000 Ventidius
1195 1923 1261 2001 ele-

263 2052 386 2155 betur,
408 2069 470 2129 eut
484 2055 661 2131 Antonius
675 2056 713 2129 in
729 2053 828 2129 lulis
852 2067 1008 2130 moretur
1022 2050 1049 2127 l.
1071 2053 1117 2130 In
1138 2050 1260 2154 plimis

263 2195 427 2280 rogote,
458 2180 506 2255 sd
536 2181 718 2283 homiuem
746 2181 1047 2279 uentosissimum,
1069 2177 1261 2280 lepidum,

262 2307 398 2402 mittes,
421 2331 467 2379 ne
491 2306 622 2382 bellum
647 2308 751 2385 nobis
767 2306 1029 2408 serliutegrure⁶
1046 2304 1178 2407 possit,
1192 2305 1260 2379 Au·

263 2428 364 2504 ionio
380 2430 448 2504 sibi
464 2434 664 2509 coniuncto.
689 2436 781 2512 Nam
797 2433 843 2509 ‹ie
857 2432 1021 2510 Pollione
1036 2431 1158 2515 Asinio
1174 2441 1261 2532 puto

263 2568 300 2627 tc
325 2557 524 2659 perspicere
536 2562 563 2660 ⁶,
581 2560 665 2663 quid
689 2562 843 2636 facturus
867 2561 922 2636 sil„
948 2558 1081 2634 Multus
1096 2570 1133 2633 et
1147 2556 1276 2631 bonae·

263 2694 301 2755 et
324 2683 444 2757 firmae
476 2699 559 2759 sunt
590 2685 744 2788 legiones
775 2686 902 2791 Lepidi
926 2701 964 2761 ct
986 2685 1107 2760 Asinii
1139 2682 1260 2786 Neque

263 2805 352 2882 huec
368 2809 497 2884 iccirco
520 2812 585 2885 ubi
608 2814 744 2914 scribo,
769 2813 866 2917 quod
891 2826 927 2888 te
952 2837 1023 2887 uon
1049 2809 1175 2886 eudem
1191 2808 1261 2883 sui·

263 2932 483 3009 madvertere
502 2939 611 3012 eciem
623 2958 650 3038 ⁷,
664 2939 729 3014 scd
745 2939 843 3043 quod
859 2939 945 3013 mihi
961 2935 1259 3040 persuasissimum

264 3071 334 3157 est,
357 3061 532 3162 Lepidum
560 3079 656 3139 reete
690 3066 864 3140 lucturum
896 3089 1094 3166 uunquam,
1118 3061 1148 3136 si
1174 3060 1260 3134 rorte

210 3205 220 3226 ·
263 3183 366 3259 vobis
391 3187 429 3260 id
454 3188 498 3261 de
523 3189 626 3265 hoc8
651 3190 798 3266 dubium
827 3204 890 3266 est.
923 3189 1092 3264 Plancum
1122 3209 1259 3289 quoque

263 3314 477 3388 confirmetis
502 3341 581 3389 oro:
607 3344 711 3418 quem
737 3343 862 3420 spero,
885 3315 989 3417 pulso
1013 3314 1188 3410 Antonio,
1212 3308 1259 3383 rei

263 3437 359 3535 pubi.
385 3465 458 3514 non
484 3440 692 3517 defuturum.
719 3445 756 3517 Si
780 3471 818 3518 se
839 3441 947 3545 Alpes
963 3439 1138 3516 Antonius
1163 3436 1260 3512 truie·

263 3563 351 3634 cen't
366 3581 394 3662 ⁹,
418 3568 584 3639 constitui
608 3570 822 3670 praesidium
846 3571 884 3643 iu
900 3566 1051 3669 Alpibus
1076 3562 1260 3659 collocare,

263 3697 301 3757 et
317 3697 353 3757 te
370 3686 414 3760 de
431 3691 529 3763 omni
540 3718 578 3764 re
595 3693 707 3770 iacere
724 3698 919 3776 certiorem.
936 3689 1259 3790 Iuliuslulius,

264 3834 307 3885 ex
331 3813 453 3889 cestris
477 3816 583 3918 liegii
608 3819 706 3899 Vsle.
