2602 4830
159 395 231 472 682
424 421 531 470 runax
558 420 612 471 ru.
637 424 893 481 rrrsrotnvu

196 546 213 602 7
251 522 327 581 Nihil
345 519 531 595 εὐκαιρότερον
549 523 664 600 epistola
684 537 731 583 tua

197 618 214 671 8
252 612 335 688 (Pars
353 613 460 690 prima)
478 611 565 668 Multa
583 631 628 669 me
648 613 677 669 in
697 616 778 692 epist.

197 704 213 759 8
251 703 332 778 (Pars
351 703 434 775 extr.)
452 701 565 776 Apenas
583 701 631 757 rix
650 701 817 764 discesserat

196 812 215 867 9
253 791 325 846 Sane
344 789 428 845 velim
448 788 519 844 scire

181 900 213 934 ro
251 877 373 934 Puteolis
391 895 507 952 magnus
527 886 568 932 est
586 896 695 948 rumor,
713 880 910 940 Ptolemaeum
1025 890 1135 948 CXVIII

182 988 210 1023 tr
252 965 431 1022 Delectarunt
448 982 494 1020 me
513 965 592 1041 epist.
611 977 674 1023 tuae
1035 979 1133 1036 CXXII

181 1076 212 1113 12
251 1056 385 1132 Egnatius
404 1054 511 1110 Romae
530 1067 572 1110 est
1025 1066 1135 1124 CXXIII

180 1144 213 1202 13
250 1144 307 1200 Nos
325 1144 355 1199 in
375 1142 565 1199 Tusculanum
584 1143 693 1200 venisse
1026 1155 1133 1211 cmx

179 1238 211 1307 ¹l
249 1232 394 1291 Vestorius
412 1245 505 1287 noster
522 1251 567 1286 me
585 1252 637 1308 per
654 1232 693 1288 lit
981 1240 1132 1300 CXXXVII

180 1321 213 1378 15
250 1324 293 1378 De
311 1319 467 1399 Eutychide
486 1332 594 1396 gratum
1040 1331 1133 1387 CXLII

178 1412 211 1467 16
249 1410 472 1487 Occupationum
492 1427 616 1464 mearum
634 1409 678 1464 vel
697 1409 752 1466 hcc
771 1412 884 1489 signum
1025 1419 1131 1475 CXLIX

87 1512 92 1522 '
182 1521 214 1577 ¹7
254 1499 281 1555 Ο
301 1509 472 1574 exspectatas
492 1496 563 1552 mihi
580 1509 641 1554 tues
659 1497 699 1553 lit.
1053 1508 1132 1563 CLVI

179 1587 211 1644 18
235 1588 319 1644 Puto
338 1599 366 1642 te
385 1585 543 1642 existimare
1039 1595 1130 1653 CLVII

585 1758 666 1819 Lrutn
685 1760 719 1822 V.

197 1963 206 1999 r
248 1942 308 2020 Ego
326 1961 392 1997 vero
411 1954 438 1997 et
455 1953 534 1996 tuum
552 1940 583 1994 in
602 1939 725 1997 discessu
965 1947 1127 2005 CLXXXIV

192 2052 208 2088 a
247 2028 683 2105 A.d.V11dusMaiasquum
978 2032 1126 2094 cmxv

192 2121 210 2178 3
248 2121 280 2175 Α.
300 2118 326 2174 d.
345 2118 387 2177 VI
404 2117 472 2173 Idus
490 2117 577 2173 Maias
595 2118 660 2174 veni
738 2162 740 2166 »
963 2123 1126 2180 CLXXXVI

192 2213 209 2282 4
247 2209 439 2265 Beneventum
456 2207 521 2263 veni
539 2227 563 2262 a.
583 2201 656 2261 d.V
948 2212 1127 2268 CLXXXVII

191 2297 210 2356 5
247 2297 333 2353 Plane
352 2295 442 2362 deest,
461 2293 538 2371 quod
556 2293 765 2352 scribamNam
784 2315 838 2353 nec
934 2300 1128 2356 CLXXXVIII

190 2388 211 2445 6
247 2386 400 2443 Tarentum
419 2383 483 2440 veni
503 2403 526 2439 a.
547 2381 574 2440 d.
593 2382 648 2441 XV
870 2391 876 2409 '
966 2387 1128 2446 CLXXXIX

193 2498 209 2552 7
248 2473 395 2545 Quotidie,
414 2472 458 2528 vel
477 2471 571 2549 potius
591 2473 621 2528 in
641 2471 700 2527 dics
1061 2477 1127 2532 CXC

193 2564 209 2617 8
248 2563 293 2617 Mo
313 2559 534 2617 etincommoda
555 2561 670 2616 valitud.
1020 2565 1129 2621 CXCIII

192 2668 210 2722 9
247 2649 357 2704 Actium
377 2648 503 2703 venimus
524 2669 547 2703 a.
567 2648 593 2702 d.
614 2648 697 2707 XVII
1037 2651 1127 2707 CXCV

177 2756 208 2791 to
246 2737 284 2792 Vt
301 2736 424 2790 Athenas
444 2757 467 2790 n.
487 2735 513 2790 d.
532 2733 587 2793 VII
606 2736 665 2790 Kal.
687 2737 781 2807 Quint.
802 2756 937 2794 veneram
1018 2739 1127 2796 CXCVI

178 2844 205 2880 11
247 2823 316 2877 Hui!
337 2824 452 2878 totiesnc
474 2844 517 2879 me
538 2823 630 2880 literas
993 2828 1129 2885 CXCVIII

177 2931 207 2968 12
246 2911 392 2987 Negotium
412 2932 542 2988 magnum
562 2925 603 2968 est
621 2914 751 2989 navigare
1088 2916 1129 2971 CC

176 2998 209 3057 13
247 2999 390 3078 Ephesum
409 3002 536 3056 venimus
556 3023 579 3056 a.
600 3001 626 3056 d.
647 3002 689 3058 XI
1075 3004 1129 3059 CCI

175 3092 208 3161 14
246 3092 403 3165 Antequam
423 3089 515 3165 aliquo
535 3090 596 3146 loco
1049 3090 1129 3148 CCIV

176 3178 208 3234 15
245 3177 412 3234 Laodiceam
432 3180 494 3234 veni
513 3179 584 3254 prid.
605 3178 665 3241 Kal
685 3180 815 3247 Sextiles3
835 3200 868 3235 ex
890 3180 947 3236 hoc
1031 3181 1126 3237 CCVII

176 3267 209 3324 16
246 3266 304 3321 Etsi
323 3267 432 3342 inipso
453 3267 549 3321 itinere
569 3279 597 3322 et
615 3267 661 3322 via
1019 3267 1127 3324 CCVIII

175 3374 206 3430 ¹7
245 3355 349 3430 Accepi
367 3354 456 3409 Roma
476 3354 536 3410 sine
556 3356 636 3430 epist.
656 3369 704 3411 tua
1047 3354 1128 3411 CCIX

176 3440 207 3495 18
247 3444 338 3515 Quam
358 3442 458 3498 vellem
477 3442 584 3499 Romae
604 3463 680 3499 esses
1022 3442 1128 3499 CCXIV

174 3550 208 3604 19
246 3531 431 3606 Obsiguaram
450 3531 504 3585 iam
524 3532 668 3608 epistolam
687 3551 762 3600 eam,
782 3552 866 3609 quam
1034 3529 1127 3587 CCXX

172 3635 207 3672 20
246 3619 437 3675 Saturnalibus
457 3640 537 3675 manc
557 3640 586 3676 se
606 3621 676 3675 mihi
962 3617 1127 3677 CCXXVIII

172 3723 204 3760 21
245 3708 287 3763 Te
306 3708 335 3765 in
354 3709 471 3785 Epirum
489 3708 596 3765 salvum
615 3709 724 3766 venisse
1062 3703 1126 3763 CCI»
