<?xml version="1.0" encoding="UTF-8"?>
<!DOCTYPE html PUBLIC "-//W3C//DTD XHTML 1.0 Transitional//EN"
    "http://www.w3.org/TR/xhtml1/DTD/xhtml1-transitional.dtd">
<html xmlns="http://www.w3.org/1999/xhtml" xml:lang="en" lang="en">
 <head>
  <title>
</title>
<meta http-equiv="Content-Type" content="text/html;charset=utf-8" />
  <meta name='ocr-system' content='tesseract 3.04.00' />
  <meta name='ocr-capabilities' content='ocr_page ocr_carea ocr_par ocr_line ocrx_word'/>
</head>
<body>
  <div class='ocr_page' id='page_1' title='image "./mtulliiciceroni17cicegoog_0215.png"; bbox 0 0 2624 4830; ppageno 0'>
   <div class='ocr_carea' id='block_1_1' title="bbox 248 435 1214 501">
    <p class='ocr_par' dir='ltr' id='par_1_1' title="bbox 248 435 1214 501">
     <span class='ocr_line' id='line_1_1' title="bbox 248 435 1214 501; baseline -0.004 -11"><span class='ocrx_word' id='word_1_1' title='bbox 248 442 318 490; x_wconf 82' lang='lat' dir='ltr'>2l⁰</span> <span class='ocrx_word' id='word_1_2' title='bbox 536 435 707 485; x_wconf 70' lang='lat' dir='ltr'>aerarum</span> <span class='ocrx_word' id='word_1_3' title='bbox 733 437 927 486; x_wconf 71' lang='lat' dir='ltr'>ncccxhvlt.</span> <span class='ocrx_word' id='word_1_4' title='bbox 1016 435 1048 485; x_wconf 80' lang='grc' dir='ltr'>Δ.</span> <span class='ocrx_word' id='word_1_5' title='bbox 1066 437 1099 486; x_wconf 76' lang='lat' dir='ltr'>V.</span> <span class='ocrx_word' id='word_1_6' title='bbox 1117 443 1145 485; x_wconf 85' lang='lat' dir='ltr'>C.</span> <span class='ocrx_word' id='word_1_7' title='bbox 1165 450 1214 501; x_wconf 74' lang='lat'>710</span> 
     </span>
    </p>
   </div>
   <div class='ocr_carea' id='block_1_2' title="bbox 610 662 1216 765">
    <p class='ocr_par' dir='ltr' id='par_1_2' title="bbox 610 662 1216 765">
     <span class='ocr_line' id='line_1_2' title="bbox 610 662 1216 765; baseline 0.028 -31"><span class='ocrx_word' id='word_1_8' title='bbox 610 662 881 736; x_wconf 88' lang='lat' dir='ltr'>DCCCXLVlI.</span> <span class='ocrx_word' id='word_1_9' title='bbox 980 702 1034 762; x_wconf 72' lang='lat' dir='ltr'>(sa</span> <span class='ocrx_word' id='word_1_10' title='bbox 1049 703 1101 748; x_wconf 62' lang='lat' dir='ltr'>niv.</span> <span class='ocrx_word' id='word_1_11' title='bbox 1118 704 1154 765; x_wconf 84' lang='lat' dir='ltr'>x,</span> <span class='ocrx_word' id='word_1_12' title='bbox 1168 708 1216 761; x_wconf 63' lang='grc' dir='ltr'>ιι)</span> 
     </span>
    </p>
   </div>
   <div class='ocr_carea' id='block_1_3' title="bbox 243 838 1239 1242">
    <p class='ocr_par' dir='ltr' id='par_1_3' title="bbox 243 838 1239 1242">
     <span class='ocr_line' id='line_1_3' title="bbox 243 838 1239 923; baseline 0 -21"><span class='ocrx_word' id='word_1_13' title='bbox 243 841 464 921; x_wconf 64' lang='lat' dir='ltr'>Argrmrentron.</span> <span class='ocrx_word' id='word_1_14' title='bbox 481 838 615 900; x_wconf 82' lang='lat' dir='ltr'>Excusat</span> <span class='ocrx_word' id='word_1_15' title='bbox 635 861 682 912; x_wconf 83' lang='lat' dir='ltr'>re,</span> <span class='ocrx_word' id='word_1_16' title='bbox 702 841 784 922; x_wconf 88' lang='lat' dir='ltr'>quod</span> <span class='ocrx_word' id='word_1_17' title='bbox 799 839 915 922; x_wconf 89' lang='lat' dir='ltr'>Lepido</span> <span class='ocrx_word' id='word_1_18' title='bbox 928 839 1103 902; x_wconf 86' lang='lat' dir='ltr'>crediderit:</span> <span class='ocrx_word' id='word_1_19' title='bbox 1117 854 1239 923; x_wconf 83' lang='lat' dir='ltr'>accepto</span> 
     </span>
     <span class='ocr_line' id='line_1_4' title="bbox 283 945 1237 1030; baseline -0.001 -22"><span class='ocrx_word' id='word_1_20' title='bbox 283 945 322 1008; x_wconf 86' lang='lat' dir='ltr'>de</span> <span class='ocrx_word' id='word_1_21' title='bbox 343 948 555 1008; x_wconf 68' lang='lat' dir='ltr'>minuetum</span> <span class='ocrx_word' id='word_1_22' title='bbox 578 945 686 1029; x_wconf 69' lang='lat' dir='ltr'>lepidi</span> <span class='ocrx_word' id='word_1_23' title='bbox 704 957 737 1008; x_wconf 85' lang='lat' dir='ltr'>et</span> <span class='ocrx_word' id='word_1_24' title='bbox 755 947 878 1008; x_wconf 72' lang='lat' dir='ltr'>Antonii</span> <span class='ocrx_word' id='word_1_25' title='bbox 901 949 1028 1020; x_wconf 79' lang='lat' dir='ltr'>nuntio,</span> <span class='ocrx_word' id='word_1_26' title='bbox 1046 967 1115 1007; x_wconf 77' lang='lat' dir='ltr'>auus</span> <span class='ocrx_word' id='word_1_27' title='bbox 1136 951 1237 1030; x_wconf 85' lang='lat' dir='ltr'>copias</span> 
     </span>
     <span class='ocr_line' id='line_1_5' title="bbox 283 1050 1233 1134; baseline 0.001 -21"><span class='ocrx_word' id='word_1_28' title='bbox 283 1055 442 1113; x_wconf 72' lang='lat' dir='ltr'>retraxisse</span> <span class='ocrx_word' id='word_1_29' title='bbox 460 1050 616 1134; x_wconf 74' lang='lat' dir='ltr'>rigniliuat.</span> <span class='ocrx_word' id='word_1_30' title='bbox 638 1052 840 1124; x_wconf 82' lang='lat' dir='ltr'>Octavianum</span> <span class='ocrx_word' id='word_1_31' title='bbox 860 1073 930 1114; x_wconf 90' lang='lat' dir='ltr'>cum</span> <span class='ocrx_word' id='word_1_32' title='bbox 943 1055 1075 1115; x_wconf 85' lang='lat' dir='ltr'>exercitu</span> <span class='ocrx_word' id='word_1_33' title='bbox 1088 1051 1128 1114; x_wconf 85' lang='lat' dir='ltr'>od</span> <span class='ocrx_word' id='word_1_34' title='bbox 1141 1075 1172 1114; x_wconf 81' lang='lat' dir='ltr'>se</span> <span class='ocrx_word' id='word_1_35' title='bbox 1184 1076 1233 1114; x_wconf 82' lang='lat' dir='ltr'>re-</span> 
     </span>
     <span class='ocr_line' id='line_1_6' title="bbox 282 1161 460 1242; baseline 0 -24"><span class='ocrx_word' id='word_1_36' title='bbox 282 1161 347 1219; x_wconf 90' lang='lat' dir='ltr'>nire</span> <span class='ocrx_word' id='word_1_37' title='bbox 367 1166 460 1242; x_wconf 78' lang='lat' dir='ltr'>eupit</span> 
     </span>
    </p>
   </div>
   <div class='ocr_carea' id='block_1_4' title="bbox 370 1407 1100 1476">
    <p class='ocr_par' dir='ltr' id='par_1_4' title="bbox 370 1407 1100 1476">
     <span class='ocr_line' id='line_1_7' title="bbox 370 1407 1100 1476; baseline 0.001 -17"><span class='ocrx_word' id='word_1_38' title='bbox 370 1409 423 1460; x_wconf 77' lang='lat' dir='ltr'>Ser.</span> <span class='ocrx_word' id='word_1_39' title='bbox 442 1408 569 1460; x_wconf 79' lang='lat' dir='ltr'>Cularone</span> <span class='ocrx_word' id='word_1_40' title='bbox 588 1409 619 1462; x_wconf 75' lang='grc' dir='ltr'>Α.</span> <span class='ocrx_word' id='word_1_41' title='bbox 638 1408 671 1461; x_wconf 90' lang='lat' dir='ltr'>V.</span> <span class='ocrx_word' id='word_1_42' title='bbox 688 1408 719 1463; x_wconf 85' lang='lat' dir='ltr'>C.</span> <span class='ocrx_word' id='word_1_43' title='bbox 737 1408 844 1476; x_wconf 76' lang='lat' dir='ltr'>DCCK,</span> <span class='ocrx_word' id='word_1_44' title='bbox 862 1407 928 1461; x_wconf 82' lang='lat' dir='ltr'>vssl</span> <span class='ocrx_word' id='word_1_45' title='bbox 947 1409 986 1462; x_wconf 85' lang='lat' dir='ltr'>td.</span> <span class='ocrx_word' id='word_1_46' title='bbox 1005 1408 1100 1461; x_wconf 79' lang='lat' dir='ltr'>lunias.</span> 
     </span>
    </p>
   </div>
   <div class='ocr_carea' id='block_1_5' title="bbox 543 1606 932 1683">
    <p class='ocr_par' dir='ltr' id='par_1_5' title="bbox 543 1606 932 1683">
     <span class='ocr_line' id='line_1_8' title="bbox 543 1606 932 1683; baseline -0.003 -12"><span class='ocrx_word' id='word_1_47' title='bbox 543 1606 720 1683; x_wconf 71' lang='lat' dir='ltr'>rLthvs</span> <span class='ocrx_word' id='word_1_48' title='bbox 744 1607 932 1674; x_wconf 73' lang='lat' dir='ltr'>CICERONI</span> 
     </span>
    </p>
   </div>
   <div class='ocr_carea' id='block_1_6' title="bbox 179 1809 1234 4047">
    <p class='ocr_par' dir='ltr' id='par_1_6' title="bbox 179 1809 1234 4047">
     <span class='ocr_line' id='line_1_9' title="bbox 287 1809 1234 1913; baseline 0.001 -30"><span class='ocrx_word' id='word_1_49' title='bbox 287 1809 487 1913; x_wconf 85' lang='lat' dir='ltr'><strong>Numquam</strong></span> <span class='ocrx_word' id='word_1_50' title='bbox 505 1811 737 1912; x_wconf 81' lang='lat' dir='ltr'>mehercules,</span> <span class='ocrx_word' id='word_1_51' title='bbox 762 1815 810 1886; x_wconf 91' lang='lat' dir='ltr'>mi</span> <span class='ocrx_word' id='word_1_52' title='bbox 835 1815 979 1910; x_wconf 85' lang='lat' dir='ltr'>Cicero,</span> <span class='ocrx_word' id='word_1_53' title='bbox 1003 1837 1060 1884; x_wconf 89' lang='lat' dir='ltr'>me</span> <span class='ocrx_word' id='word_1_54' title='bbox 1077 1812 1234 1912; x_wconf 88' lang='lat' dir='ltr'>poenite·</span> 
     </span>
     <span class='ocr_line' id='line_1_10' title="bbox 237 1935 1234 2040; baseline -0.002 -29"><span class='ocrx_word' id='word_1_55' title='bbox 237 1935 292 2012; x_wconf 89' lang='lat' dir='ltr'>hit</span> <span class='ocrx_word' id='word_1_56' title='bbox 315 1939 465 2012; x_wconf 84' lang='lat' dir='ltr'>maxima</span> <span class='ocrx_word' id='word_1_57' title='bbox 488 1937 644 2039; x_wconf 87' lang='lat' dir='ltr'>pericula</span> <span class='ocrx_word' id='word_1_58' title='bbox 667 1964 734 2040; x_wconf 92' lang='lat' dir='ltr'>pro</span> <span class='ocrx_word' id='word_1_59' title='bbox 761 1940 873 2039; x_wconf 87' lang='lat' dir='ltr'>patria</span> <span class='ocrx_word' id='word_1_60' title='bbox 898 1938 1013 2012; x_wconf 87' lang='lat' dir='ltr'>subire</span> <span class='ocrx_word' id='word_1_61' title='bbox 1033 1952 1057 2035; x_wconf 85' lang='lat'>¹,</span> <span class='ocrx_word' id='word_1_62' title='bbox 1082 1938 1185 2037; x_wconf 79' lang='lat' dir='ltr'>dum,</span> <span class='ocrx_word' id='word_1_63' title='bbox 1204 1938 1234 2010; x_wconf 90' lang='lat' dir='ltr'>si</span> 
     </span>
     <span class='ocr_line' id='line_1_11' title="bbox 238 2063 1232 2166; baseline 0 -30"><span class='ocrx_word' id='word_1_64' title='bbox 238 2063 324 2165; x_wconf 86' lang='lat' dir='ltr'>quid</span> <span class='ocrx_word' id='word_1_65' title='bbox 356 2065 522 2138; x_wconf 87' lang='lat' dir='ltr'>acciderit</span> <span class='ocrx_word' id='word_1_66' title='bbox 554 2064 639 2137; x_wconf 88' lang='lat' dir='ltr'>mihi</span> <span class='ocrx_word' id='word_1_67' title='bbox 646 2119 659 2166; x_wconf 83' lang='lat'><strong><em>,</em></strong></span> <span class='ocrx_word' id='word_1_68' title='bbox 681 2090 702 2138; x_wconf 90' lang='lat' dir='ltr'>a</span> <span class='ocrx_word' id='word_1_69' title='bbox 728 2064 998 2165; x_wconf 85' lang='lat' dir='ltr'>reprehensione</span> <span class='ocrx_word' id='word_1_70' title='bbox 1031 2066 1232 2137; x_wconf 86' lang='lat' dir='ltr'>temeritatis</span> 
     </span>
     <span class='ocr_line' id='line_1_12' title="bbox 237 2189 1233 2290; baseline -0.001 -28"><span class='ocrx_word' id='word_1_71' title='bbox 237 2189 358 2262; x_wconf 81' lang='lat' dir='ltr'>ahaim.</span> <span class='ocrx_word' id='word_1_72' title='bbox 383 2192 579 2264; x_wconf 77' lang='lat' dir='ltr'>confiterer</span> <span class='ocrx_word' id='word_1_73' title='bbox 602 2191 838 2290; x_wconf 81' lang='lat' dir='ltr'>imprudentia</span> <span class='ocrx_word' id='word_1_74' title='bbox 862 2215 919 2262; x_wconf 92' lang='lat' dir='ltr'>me</span> <span class='ocrx_word' id='word_1_75' title='bbox 936 2189 1072 2289; x_wconf 85' lang='lat' dir='ltr'>lapsum</span> <span class='ocrx_word' id='word_1_76' title='bbox 1080 2245 1092 2288; x_wconf 77' lang='lat'><strong><em>,</em></strong></span> <span class='ocrx_word' id='word_1_77' title='bbox 1115 2191 1145 2261; x_wconf 86' lang='lat' dir='ltr'>si</span> <span class='ocrx_word' id='word_1_78' title='bbox 1162 2215 1233 2261; x_wconf 90' lang='lat' dir='ltr'>um·</span> 
     </span>
     <span class='ocr_line' id='line_1_13' title="bbox 236 2314 1233 2415; baseline 0.003 -30"><span class='ocrx_word' id='word_1_79' title='bbox 236 2341 341 2414; x_wconf 85' lang='lat' dir='ltr'>quarn</span> <span class='ocrx_word' id='word_1_80' title='bbox 375 2315 511 2415; x_wconf 90' lang='lat' dir='ltr'>Lepido</span> <span class='ocrx_word' id='word_1_81' title='bbox 544 2342 588 2389; x_wconf 87' lang='lat' dir='ltr'>ex</span> <span class='ocrx_word' id='word_1_82' title='bbox 620 2317 739 2390; x_wconf 88' lang='lat' dir='ltr'>animo</span> <span class='ocrx_word' id='word_1_83' title='bbox 771 2315 1007 2389; x_wconf 85' lang='lat' dir='ltr'>credidissem.</span> <span class='ocrx_word' id='word_1_84' title='bbox 1040 2314 1233 2390; x_wconf 75' lang='lat' dir='ltr'>Credulitas</span> 
     </span>
     <span class='ocr_line' id='line_1_14' title="bbox 179 2441 1233 2542; baseline 0.001 -31"><span class='ocrx_word' id='word_1_85' title='bbox 179 2461 183 2467; x_wconf 87' lang='grc'><em>·</em></span> <span class='ocrx_word' id='word_1_86' title='bbox 236 2441 331 2512; x_wconf 90' lang='lat' dir='ltr'>enim</span> <span class='ocrx_word' id='word_1_87' title='bbox 349 2466 446 2514; x_wconf 87' lang='lat' dir='ltr'>error</span> <span class='ocrx_word' id='word_1_88' title='bbox 464 2455 518 2514; x_wconf 86' lang='lat' dir='ltr'>est</span> <span class='ocrx_word' id='word_1_89' title='bbox 534 2444 659 2540; x_wconf 78' lang='lat' dir='ltr'>magis,</span> <span class='ocrx_word' id='word_1_90' title='bbox 684 2467 791 2542; x_wconf 88' lang='lat' dir='ltr'>quam</span> <span class='ocrx_word' id='word_1_91' title='bbox 808 2441 925 2542; x_wconf 92' lang='lat' dir='ltr'>culpa:</span> <span class='ocrx_word' id='word_1_92' title='bbox 951 2455 987 2514; x_wconf 88' lang='lat' dir='ltr'>et</span> <span class='ocrx_word' id='word_1_93' title='bbox 1012 2441 1152 2542; x_wconf 87' lang='lat' dir='ltr'>quidem</span> <span class='ocrx_word' id='word_1_94' title='bbox 1167 2457 1182 2490; x_wconf 86' lang='lat'><em>²</em></span> <span class='ocrx_word' id='word_1_95' title='bbox 1198 2442 1233 2513; x_wconf 90' lang='lat' dir='ltr'>in</span> 
     </span>
     <span class='ocr_line' id='line_1_15' title="bbox 235 2567 1233 2667; baseline 0 -29"><span class='ocrx_word' id='word_1_96' title='bbox 235 2568 359 2664; x_wconf 85' lang='lat' dir='ltr'>optimi</span> <span class='ocrx_word' id='word_1_97' title='bbox 388 2569 555 2667; x_wconf 91' lang='lat' dir='ltr'>cuiusque</span> <span class='ocrx_word' id='word_1_98' title='bbox 578 2582 731 2641; x_wconf 85' lang='lat' dir='ltr'>mentem</span> <span class='ocrx_word' id='word_1_99' title='bbox 753 2567 912 2640; x_wconf 79' lang='lat' dir='ltr'>facillime</span> <span class='ocrx_word' id='word_1_100' title='bbox 930 2569 1072 2667; x_wconf 65' lang='lat' dir='ltr'>irrepit</span> <span class='ocrx_word' id='word_1_101' title='bbox 1084 2567 1153 2639; x_wconf 90' lang='lat' dir='ltr'>Sed</span> <span class='ocrx_word' id='word_1_102' title='bbox 1171 2591 1233 2664; x_wconf 83' lang='lat' dir='ltr'>ego</span> 
     </span>
     <span class='ocr_line' id='line_1_16' title="bbox 234 2691 1231 2793; baseline 0 -30"><span class='ocrx_word' id='word_1_103' title='bbox 234 2716 308 2763; x_wconf 91' lang='lat' dir='ltr'>non</span> <span class='ocrx_word' id='word_1_104' title='bbox 347 2691 414 2764; x_wconf 89' lang='lat' dir='ltr'>hoc</span> <span class='ocrx_word' id='word_1_105' title='bbox 448 2693 566 2765; x_wconf 79' lang='lat' dir='ltr'>vitio³</span> <span class='ocrx_word' id='word_1_106' title='bbox 593 2719 705 2791; x_wconf 90' lang='lat' dir='ltr'>paene</span> <span class='ocrx_word' id='word_1_107' title='bbox 737 2720 814 2765; x_wconf 93' lang='lat' dir='ltr'>sum</span> <span class='ocrx_word' id='word_1_108' title='bbox 847 2693 1026 2793; x_wconf 88' lang='lat' dir='ltr'>deceptus.</span> <span class='ocrx_word' id='word_1_109' title='bbox 1058 2691 1231 2793; x_wconf 89' lang='lat' dir='ltr'>Lepidum</span> 
     </span>
     <span class='ocr_line' id='line_1_17' title="bbox 219 2815 1231 2921; baseline -0.002 -32"><span class='ocrx_word' id='word_1_110' title='bbox 219 2815 358 2921; x_wconf 55' lang='lat' dir='ltr'>⁴enimi</span> <span class='ocrx_word' id='word_1_111' title='bbox 375 2815 522 2916; x_wconf 85' lang='lat' dir='ltr'>pulchre</span> <span class='ocrx_word' id='word_1_112' title='bbox 549 2843 681 2889; x_wconf 88' lang='lat' dir='ltr'>noram.</span> <span class='ocrx_word' id='word_1_113' title='bbox 710 2817 807 2908; x_wconf 87' lang='lat' dir='ltr'>Quid</span> <span class='ocrx_word' id='word_1_114' title='bbox 832 2844 913 2914; x_wconf 86' lang='lat' dir='ltr'>ergo</span> <span class='ocrx_word' id='word_1_115' title='bbox 931 2816 1002 2890; x_wconf 87' lang='lat' dir='ltr'>estl</span> <span class='ocrx_word' id='word_1_116' title='bbox 1026 2818 1148 2892; x_wconf 91' lang='lat' dir='ltr'>Pudor</span> <span class='ocrx_word' id='word_1_117' title='bbox 1164 2842 1231 2913; x_wconf 79' lang='lat' dir='ltr'>me,</span> 
     </span>
     <span class='ocr_line' id='line_1_18' title="bbox 227 2922 1230 3043; baseline 0.001 -29"><span class='ocrx_word' id='word_1_118' title='bbox 227 2922 296 3043; x_wconf 27' lang='lat' dir='ltr'>*qui</span> <span class='ocrx_word' id='word_1_119' title='bbox 320 2943 357 3015; x_wconf 84' lang='lat' dir='ltr'>io</span> <span class='ocrx_word' id='word_1_120' title='bbox 382 2942 476 3015; x_wconf 87' lang='lat' dir='ltr'>hello</span> <span class='ocrx_word' id='word_1_121' title='bbox 503 2945 653 3015; x_wconf 77' lang='lat' dir='ltr'>ruaxinre</span> <span class='ocrx_word' id='word_1_122' title='bbox 672 2957 726 3016; x_wconf 90' lang='lat' dir='ltr'>est</span> <span class='ocrx_word' id='word_1_123' title='bbox 742 2945 975 3043; x_wconf 85' lang='lat' dir='ltr'>periculosus,</span> <span class='ocrx_word' id='word_1_124' title='bbox 999 2942 1094 3020; x_wconf 86' lang='lat' dir='ltr'>hunc</span> <span class='ocrx_word' id='word_1_125' title='bbox 1115 2969 1230 3016; x_wconf 87' lang='lat' dir='ltr'>casum</span> 
     </span>
     <span class='ocr_line' id='line_1_19' title="bbox 232 3068 1229 3167; baseline 0 -27"><span class='ocrx_word' id='word_1_126' title='bbox 232 3069 349 3166; x_wconf 76' lang='lat' dir='ltr'>coligit</span> <span class='ocrx_word' id='word_1_127' title='bbox 372 3068 497 3141; x_wconf 86' lang='lat' dir='ltr'>subire.</span> <span class='ocrx_word' id='word_1_128' title='bbox 524 3069 633 3167; x_wconf 85' lang='lat' dir='ltr'>Nam,</span> <span class='ocrx_word' id='word_1_129' title='bbox 660 3071 727 3142; x_wconf 89' lang='lat' dir='ltr'>nisi</span> <span class='ocrx_word' id='word_1_130' title='bbox 752 3096 824 3143; x_wconf 90' lang='lat' dir='ltr'>uno</span> <span class='ocrx_word' id='word_1_131' title='bbox 850 3069 929 3142; x_wconf 93' lang='lat' dir='ltr'>loco</span> <span class='ocrx_word' id='word_1_132' title='bbox 955 3095 1066 3142; x_wconf 90' lang='lat' dir='ltr'>essem</span> <span class='ocrx_word' id='word_1_133' title='bbox 1084 3071 1111 3167; x_wconf 80' lang='lat'>⁵,</span> <span class='ocrx_word' id='word_1_134' title='bbox 1135 3095 1229 3142; x_wconf 90' lang='lat' dir='ltr'>vere·</span> 
     </span>
     <span class='ocr_line' id='line_1_20' title="bbox 231 3192 1229 3298; baseline 0.001 -32"><span class='ocrx_word' id='word_1_135' title='bbox 231 3192 311 3298; x_wconf 84' lang='lat' dir='ltr'>har,</span> <span class='ocrx_word' id='word_1_136' title='bbox 336 3221 381 3267; x_wconf 92' lang='lat' dir='ltr'>ne</span> <span class='ocrx_word' id='word_1_137' title='bbox 407 3196 464 3267; x_wconf 89' lang='lat' dir='ltr'>cui</span> <span class='ocrx_word' id='word_1_138' title='bbox 488 3195 764 3269; x_wconf 84' lang='lat' dir='ltr'>obtrectatorum</span> <span class='ocrx_word' id='word_1_139' title='bbox 784 3196 920 3269; x_wconf 85' lang='lat' dir='ltr'>viderer</span> <span class='ocrx_word' id='word_1_140' title='bbox 935 3209 972 3268; x_wconf 89' lang='lat' dir='ltr'>et</span> <span class='ocrx_word' id='word_1_141' title='bbox 989 3195 1136 3268; x_wconf 90' lang='lat' dir='ltr'>nimium</span> <span class='ocrx_word' id='word_1_142' title='bbox 1155 3221 1229 3295; x_wconf 91' lang='lat' dir='ltr'>per·</span> 
     </span>
     <span class='ocr_line' id='line_1_21' title="bbox 231 3320 1228 3420; baseline 0.002 -30"><span class='ocrx_word' id='word_1_143' title='bbox 231 3321 391 3394; x_wconf 88' lang='lat' dir='ltr'>tinaciter</span> <span class='ocrx_word' id='word_1_144' title='bbox 414 3321 553 3420; x_wconf 91' lang='lat' dir='ltr'>Lepido</span> <span class='ocrx_word' id='word_1_145' title='bbox 579 3320 732 3395; x_wconf 81' lang='lat' dir='ltr'>oil&#39;ensus</span> <span class='ocrx_word' id='word_1_146' title='bbox 744 3324 771 3420; x_wconf 81' lang='lat'>⁶,</span> <span class='ocrx_word' id='word_1_147' title='bbox 788 3335 824 3393; x_wconf 87' lang='lat' dir='ltr'>et</span> <span class='ocrx_word' id='word_1_148' title='bbox 841 3347 919 3393; x_wconf 90' lang='lat' dir='ltr'>mea</span> <span class='ocrx_word' id='word_1_149' title='bbox 939 3321 1109 3420; x_wconf 88' lang='lat' dir='ltr'>patientia</span> <span class='ocrx_word' id='word_1_150' title='bbox 1127 3323 1228 3392; x_wconf 91' lang='lat' dir='ltr'>etiam</span> 
     </span>
     <span class='ocr_line' id='line_1_22' title="bbox 230 3444 1225 3548; baseline 0 -32"><span class='ocrx_word' id='word_1_151' title='bbox 230 3444 322 3517; x_wconf 91' lang='lat' dir='ltr'>alere</span> <span class='ocrx_word' id='word_1_152' title='bbox 341 3445 480 3542; x_wconf 88' lang='lat' dir='ltr'>bellum.</span> <span class='ocrx_word' id='word_1_153' title='bbox 507 3449 630 3548; x_wconf 89' lang='lat' dir='ltr'>Itaque</span> <span class='ocrx_word' id='word_1_154' title='bbox 651 3449 771 3548; x_wconf 87' lang='lat' dir='ltr'>copias</span> <span class='ocrx_word' id='word_1_155' title='bbox 790 3473 900 3546; x_wconf 90' lang='lat' dir='ltr'>prope</span> <span class='ocrx_word' id='word_1_156' title='bbox 917 3447 957 3519; x_wconf 88' lang='lat' dir='ltr'>in</span> <span class='ocrx_word' id='word_1_157' title='bbox 972 3461 1225 3546; x_wconf 64' lang='lat' dir='ltr'>conspectum?</span> 
     </span>
     <span class='ocr_line' id='line_1_23' title="bbox 229 3570 1226 3673; baseline 0.002 -34"><span class='ocrx_word' id='word_1_158' title='bbox 229 3570 354 3667; x_wconf 89' lang='lat' dir='ltr'>Lepidi</span> <span class='ocrx_word' id='word_1_159' title='bbox 372 3573 585 3672; x_wconf 86' lang='lat' dir='ltr'>Antoniique</span> <span class='ocrx_word' id='word_1_160' title='bbox 603 3574 751 3670; x_wconf 82' lang='lat' dir='ltr'>adduxi,</span> <span class='ocrx_word' id='word_1_161' title='bbox 766 3572 1066 3673; x_wconf 83' lang='lat' dir='ltr'>quadragintaque</span> <span class='ocrx_word' id='word_1_162' title='bbox 1083 3571 1226 3643; x_wconf 88' lang='lat' dir='ltr'>millium</span> 
     </span>
     <span class='ocr_line' id='line_1_24' title="bbox 230 3696 1226 3795; baseline 0.002 -31"><span class='ocrx_word' id='word_1_163' title='bbox 230 3718 393 3793; x_wconf 68' lang='lat' dir='ltr'>passerum</span> <span class='ocrx_word' id='word_1_164' title='bbox 428 3699 543 3794; x_wconf 89' lang='lat' dir='ltr'>spatio</span> <span class='ocrx_word' id='word_1_165' title='bbox 570 3698 709 3771; x_wconf 89' lang='lat' dir='ltr'>relicto:</span> <span class='ocrx_word' id='word_1_166' title='bbox 736 3698 900 3795; x_wconf 84' lang='lat' dir='ltr'>consedi,</span> <span class='ocrx_word' id='word_1_167' title='bbox 925 3723 968 3769; x_wconf 91' lang='lat' dir='ltr'>eo</span> <span class='ocrx_word' id='word_1_168' title='bbox 994 3696 1159 3793; x_wconf 83' lang='lat' dir='ltr'>consilio,</span> <span class='ocrx_word' id='word_1_169' title='bbox 1191 3709 1226 3767; x_wconf 88' lang='lat' dir='ltr'>ut</span> 
     </span>
     <span class='ocr_line' id='line_1_25' title="bbox 230 3816 1222 3922; baseline -0.001 -31"><span class='ocrx_word' id='word_1_170' title='bbox 230 3817 285 3891; x_wconf 84' lang='lat' dir='ltr'>vel</span> <span class='ocrx_word' id='word_1_171' title='bbox 317 3816 473 3893; x_wconf 88' lang='lat' dir='ltr'>celeriter</span> <span class='ocrx_word' id='word_1_172' title='bbox 505 3823 687 3920; x_wconf 85' lang='lat' dir='ltr'>accedere,</span> <span class='ocrx_word' id='word_1_173' title='bbox 722 3823 777 3896; x_wconf 91' lang='lat' dir='ltr'>vel</span> <span class='ocrx_word' id='word_1_174' title='bbox 811 3822 1040 3896; x_wconf 78' lang='lat' dir='ltr'>salutariter⁸</span> <span class='ocrx_word' id='word_1_175' title='bbox 1070 3824 1222 3922; x_wconf 86' lang='lat' dir='ltr'>recipere</span> 
     </span>
     <span class='ocr_line' id='line_1_26' title="bbox 228 3947 1222 4047; baseline 0.002 -31"><span class='ocrx_word' id='word_1_176' title='bbox 228 3969 285 4016; x_wconf 77' lang='lat' dir='ltr'>ure</span> <span class='ocrx_word' id='word_1_177' title='bbox 309 3969 458 4043; x_wconf 87' lang='lat' dir='ltr'>possem.</span> <span class='ocrx_word' id='word_1_178' title='bbox 484 3947 635 4020; x_wconf 86' lang='lat' dir='ltr'>Adiunxi</span> <span class='ocrx_word' id='word_1_179' title='bbox 667 3949 753 4022; x_wconf 82' lang='lat' dir='ltr'>haec</span> <span class='ocrx_word' id='word_1_180' title='bbox 779 3950 816 4022; x_wconf 89' lang='lat' dir='ltr'>in</span> <span class='ocrx_word' id='word_1_181' title='bbox 843 3950 922 4022; x_wconf 90' lang='lat' dir='ltr'>loco</span> <span class='ocrx_word' id='word_1_182' title='bbox 948 3949 1129 4047; x_wconf 83' lang='lat' dir='ltr'>eligendo:</span> <span class='ocrx_word' id='word_1_183' title='bbox 1160 3947 1222 4020; x_wconf 87' lang='lat' dir='ltr'>flu·</span> 
     </span>
    </p>
   </div>
   <div class='ocr_carea' id='block_1_7' title="bbox 0 0 1316 4830">
    <p class='ocr_par' dir='ltr' id='par_1_7' title="bbox 0 0 1316 4830">
     <span class='ocr_line' id='line_1_27' title="bbox 0 0 1316 4830; baseline 0 5"><span class='ocrx_word' id='word_1_184' title='bbox 0 0 1316 4830; x_wconf 95' lang='lat' dir='ltr'> </span> 
     </span>
    </p>
   </div>
  </div>
 </body>
</html>
