2624 4830
151 467 156 476 ‚
263 422 334 514 3l⁰
616 441 787 492 rrrsroca
813 444 883 499 xxi.
1041 442 1070 488 Λ.
1092 446 1120 488 r.
1139 446 1167 489 c.
1186 454 1233 505 5¹·

260 546 366 645 liciis,
391 559 464 618 tum
483 547 704 645 imperatoris
719 546 914 619 insolentia.
940 543 1097 642 Tantum
1113 548 1260 647 quisquc

259 699 297 746 ce
322 673 360 745 in
384 698 422 746 re
446 671 587 774 publica
623 698 728 772 posse
760 671 932 772 postulat,
957 684 1126 773 quantum
1153 668 1260 744 babet

259 800 395 875 virium.
419 797 501 872 Non
518 797 627 897 ratio,
643 823 716 871 non
734 798 878 897 modus,
894 823 967 871 non
983 796 1057 895 lex,
1073 822 1147 869 nou
1163 823 1257 894 mos,

259 951 333 1000 non
358 924 512 998 ollicium
538 924 648 1025 valet5
674 950 747 997 uon
773 922 961 1023 iudicium,
984 949 1058 996 nou
1084 925 1258 996 existima-

260 1053 309 1125 tio
327 1052 474 1150 civium,
493 1076 566 1124 non
591 1052 807 1151 posteritatis
824 1049 1045 1124 verecundia.
1070 1048 1169 1122 Haec
1194 1074 1258 1148 ego

257 1177 370 1252 multo
396 1192 478 1251 ante
503 1178 721 1277 prospiciens
754 1177 929 1276 fugiebam
959 1202 1002 1250 ex
1032 1174 1133 1249 Italia
1168 1189 1259 1275 tum,

257 1330 366 1407 quum
398 1330 456 1376 mc
483 1316 678 1377 vestrorum
711 1305 908 1377 edictorum
943 1304 1033 1375 sama
1068 1300 1257 1375 revocavit

256 1428 414 1501 incitasti
450 1451 534 1500 vero
561 1440 598 1499 tu
626 1455 698 1526 me,
729 1429 852 1527 Brute,
878 1428 1009 1500 Veliae.
1034 1429 1257 1531 Quemquam

257 1556 350 1631 enim
382 1552 545 1627 dolebam
572 1555 609 1633 in
634 1580 710 1626 eam
745 1581 801 1629 me
827 1554 949 1628 urbem
981 1556 1048 1652 ire,
1080 1580 1186 1657 quam
1211 1566 1255 1625 ,tu

256 1678 409 1780 fugeres,
434 1682 493 1783 qui
523 1706 600 1753 cam
626 1679 859 1780 liberavisses‚
884 1681 980 1784 quod
1007 1680 1092 1754 mihi
1118 1706 1256 1785 quoquc

258 1806 437 1910 quondam
463 1807 652 1908 acciderat,
678 1808 835 1908 periculo
854 1807 974 1908 simili,
991 1835 1071 1881 casu
1091 1809 1254 1893 tristiore

254 1936 391 2034 perrexi
409 1949 545 2033 tamen,
559 1936 776 2036 Romamque
793 1935 953 2036 perveni,
977 1934 1142 2036 nulloque
1160 1963 1256 2037 praes

256 2060 349 2134 sidio
368 2062 540 2164 quatefeci
557 2063 770 2137 Antonium:
787 2076 978 2163 contraque
996 2064 1069 2134 cius
1087 2089 1182 2136 arma
1198 2088 1254 2135 ne·

256 2186 381 2287 sanda,
407 2188 597 2289 praesidia,
622 2215 712 2294 quae
729 2188 846 2263 oblata
865 2202 964 2288 sunt,
988 2191 1145 2262 Caesaris
1171 2216 1253 2262 con-

254 2313 333 2387 silio
359 2328 395 2386 et
420 2318 629 2389 auctoritate
655 2317 799 2388 firmavi.
832 2316 904 2406 Qui
929 2317 958 2388 si
982 2316 1119 2389 steterit
1143 2314 1253 2414 idem,

254 2438 408 2555 mihique
439 2443 609 2540 paruerit:
642 2443 726 2514 satis
751 2440 915 2515 videmur
932 2439 1090 2514 babituri
1125 2443 1253 2542 praesi-

255 2561 312 2653 dii.
343 2565 403 2643 Sin
431 2581 547 2652 autem
572 2569 760 2667 impiorum
788 2565 932 2639 consilia
958 2566 1037 2667 plus
1063 2567 1253 2663 valuerint,

254 2718 359 2791 quam
385 2707 522 2790 nostra3
548 2707 609 2766 aut
631 2692 850 2765 imbecillitas
869 2695 992 2770 aetatis
1010 2720 1083 2767 non
1100 2696 1253 2794 potuerit

252 2818 459 2914 gravitatem
486 2845 600 2893 rerum
627 2822 814 2919 sustincre3
838 2846 919 2919 spes
945 2821 1058 2893 omnis
1084 2834 1138 2893 est
1155 2822 1191 2893 in
1208 2835 1252 2892 tc.

251 2944 368 3035 Quam
387 2944 433 3018 ob
452 2972 524 3019 rem
542 2945 683 3044 advola,
702 2945 864 3044 obsecro,
882 2960 986 3047 atque
1004 2973 1080 3018 eam
1100 2974 1172 3019 rem
1191 2974 1252 3047 pu-

251 3067 395 3172 blicam,
428 3100 533 3176 quam
570 3076 699 3152 virtute
733 3087 838 3176 atque
871 3074 978 3147 animi
1013 3073 1249 3172 magnitudine

251 3199 375 3297 tnagis,
401 3227 505 3301 quam
532 3203 666 3286 eventis
693 3226 823 3297 rerum,
850 3198 1024 3298 liberasti,
1049 3202 1143 3272 exitu
1169 3199 1249 3271 libe

249 3349 298 3396 ra.
328 3325 452 3411 Omnis
486 3330 643 3407 omnium
676 3352 867 3410 concursus
895 3325 940 3398 ad
967 3341 1001 3398 te
1028 3327 1162 3398 futurus
1188 3341 1248 3398 cst.

248 3450 399 3524 Hortarc
425 3454 519 3525 idem
546 3482 609 3554 per
634 3454 751 3529 literas
778 3453 946 3524 Cassium.
973 3453 1060 3552 Spes
1081 3451 1249 3524 libertatis

249 3600 438 3679 nusquam,
463 3582 527 3652 nisi
555 3583 591 3664 iu
619 3595 814 3663 vestrorum
850 3593 1041 3650 castrorum
1069 3578 1248 3677 principiis

249 3714 308 3771 cst.
343 3703 480 3777 Firmus
517 3709 661 3778 omnino
687 3720 729 3778 et·
749 3705 855 3776 eluces
883 3704 1051 3776 habemus
1079 3705 1122 3775 ab
1149 3706 1248 3775 Occi·

249 3823 371 3925 dente,
397 3845 432 3901 ct
458 3835 639 3907 exercitus.
669 3834 747 3905 Iloc
779 3831 1009 3904 adolescentis
1039 3831 1247 3931 praesidium

248 3954 409 4052 rquirlcru
435 3959 551 4033 adbuc
569 3963 705 4038 firmum
725 3985 800 4040 csse
819 3959 969 4032 conlido.
997 3960 1065 4030 Sed
1084 3959 1129 4030 ita
1149 3957 1247 4038 multi
