2624 4830
342 410 383 458 ιο
570 400 583 425 ·
673 401 841 452 animata
867 402 995 450 uccxcr.
1108 399 1140 449 t.
1157 406 1190 451 v.
1207 407 1236 455 c.
1256 419 1304 467 ,ιο

337 533 412 583 non
426 503 608 581 habebam.
629 503 759 578 Omnia
775 505 869 578 enim
885 515 985 576 eraut
1001 525 1169 602 suspensa
1185 530 1276 608 prop
1301 544 1312 569 -‚

337 631 631 734 exspectationem
654 631 879 728 Legatorum3
904 627 963 729 qui
982 625 1067 728 quid
1083 628 1251 728 egissent,

337 756 472 832 lrildum
487 754 713 830 nuntiabatur
723 756 748 827 ³.
765 754 861 827 Haec
878 767 998 826 tamen
1013 751 1196 826 scribenda
1215 758 1305 829 exis

336 886 446 959 mavi:
471 884 641 984 primum,
661 880 696 952 S.
722 881 761 953 P.
788 879 832 972 Q.
857 878 930 950 lli
955 878 999 950 de
1024 891 1060 951 te
1084 877 1241 954 laborare
1259 906 1307 954 no

335 1010 449 1085 solum
465 996 584 1082 salutis
601 1031 683 1081 suae
701 1030 823 1105 causa,
841 1002 904 1078 sed
921 1003 1026 1077 etiam
1044 1002 1225 1102 dignitatis
1242 1020 1312 1080 tua

335 1119 559 1213 Admirabilis
582 1134 675 1207 enim
701 1132 786 1206 cst⁵
812 1128 985 1231 quaedam
1009 1130 1060 1202 tui
1076 1132 1230 1204 nominis
1248 1158 1289 1205 ca

336 1274 405 1358 tas,
430 1285 596 1362 amorque
622 1259 660 1331 in
686 1270 722 1330 te
738 1255 921 1356 singularis
940 1255 1099 1330 omnium
1116 1257 1254 1331 civium.
1279 1259 1297 1330 1

336 1386 429 1457 euim
453 1397 596 1485 sperant
612 1395 717 1486 atquc
740 1381 941 1480 confidunt,
965 1394 1005 1454 ut
1030 1395 1132 1455 antea
1148 1409 1229 1481 rege
1241 1387 1268 1481 ⁶,
1284 1383 1311 1456 s'

336 1508 406 1582 hoc
428 1523 587 1610 tempore
612 1534 721 1609 regno
746 1522 782 1582 te
806 1534 880 1583 rem
905 1507 1082 1608 publicam
1097 1508 1312 1581 liberatum

337 1635 470 1709 Romae
487 1635 641 1709 delectus
658 1635 822 1735 babetur,
846 1647 990 1735 totaque
1007 1634 1125 1731 Italia3
1151 1636 1179 1706 si
1196 1633 1255 1705 hic
1305 1671 1312 1699 2

337 1759 448 1835 lectus
481 1761 710 1862 appellandus
743 1773 817 1860 est,
849 1786 955 1862 quum
989 1759 1082 1834 ultro
1115 1786 1152 1833 se
1185 1759 1293 1833 olleru

338 1911 476 1962 omues:
502 1903 620 1962 tantus
646 1886 750 1961 ardor
767 1887 954 1986 occupavit
971 1888 1106 1959 animos
1123 1884 1307 1959 homiuum

337 2011 510 2089 desiderio
526 2013 714 2112 libertatis,
735 2012 887 2115 odioque
906 2012 1060 2086 diutinae
1078 2013 1263 2086 servitutis.
1294 2021 1306 2076 Ι

336 2137 478 2239 reliquis
510 2138 612 2212 rebus
644 2166 664 2212 a
695 2140 824 2212 teiam
858 2153 1060 2239 exspectare
1086 2137 1203 2211 literas
1229 2136 1312 2210 deb

336 2288 431 2361 mus,
455 2262 541 2364 quid
565 2265 641 2361 ipse
674 2289 772 2359 agas,
805 2262 891 2362 quid
920 2277 1040 2336 noster
1069 2264 1225 2362 Hirtius,
1249 2264 1309 2365 qui

336 2386 464 2460 Caesar
487 2412 585 2459 meus
602 2388 634 2458 ⁸:
660 2412 747 2487 quos
773 2411 875 2483 spero
908 2385 1007 2460 brevi
1038 2399 1197 2487 tempore
1223 2390 1312 2461 soci

337 2525 409 2585 tate
425 2513 592 2586 victoriae
610 2526 727 2585 tecum
745 2510 927 2609 copulatos
945 2512 1027 2585 lore.
1055 2513 1240 2615 Reliquum
1266 2540 1303 2587 es

336 2652 378 2710 ut
401 2638 445 2710 de
470 2663 526 2711 me
551 2637 589 2710 id
614 2637 781 2733 scribam,
811 2636 907 2738 quod
934 2652 967 2710 te
993 2664 1036 2711 ex
1061 2653 1202 2712 tuorum
1228 2639 1287 2712 lite

338 2777 374 2834 et
398 2789 501 2863 spero
527 2776 563 2836 et
590 2763 684 2837 malo
719 2788 944 2860 cognoscere:
978 2791 1034 2837 me
1067 2790 1181 2866 neque
1215 2763 1312 2837 dees

338 2887 407 2961 ulla
439 2890 477 2962 in
507 2916 563 2989 re,
594 2915 706 2991 neque
740 2914 905 2989 umquam
939 2889 1139 2964 defuturum
1172 2889 1305 3025 dignita

339 3024 429 3084 tuae.

734 3264 939 3339 nuuxcu.
982 3230 985 3237 ’
1068 3304 1310 3366 ...stans

338 3437 556 3517 Argrmumom.
583 3442 747 3501 Antonium
774 3461 843 3502 cum
871 3442 998 3502 Caesare
1028 3441 1217 3502 intersectum
1253 3439 1312 3499 ba

378 3542 468 3606 fuisse
489 3548 634 3627 queritur.
661 3548 708 3608 De
734 3556 856 3623 senatu,
881 3548 919 3609 de
944 3548 1075 3632 populo,
1104 3547 1141 3610 de
1169 3548 1273 3628 legatis
1303 3577 1307 3597 =

379 3651 565 3730 Antonium
594 3652 631 3716 de
661 3654 835 3718 Dolabellae
868 3666 979 3735 conatu
1010 3655 1130 3738 Syriam
1168 3672 1312 3736 occupan

381 3753 491 3818 scribit.
