2624 4830
236 401 307 474 300
604 419 775 469 murone
802 422 863 468 xrr.
1016 420 1048 468 a,
1065 423 1098 470 v.
1116 424 1144 471 c.
1163 432 1209 486 μ.

234 525 439 601 arbitrarere
465 521 563 620 utile,
588 529 677 623 eque
701 548 739 596 re
765 521 904 622 publica
930 546 1020 622 esse,
1046 549 1231 628 perseque-

234 679 309 728 rere
334 651 426 725 bello
451 649 687 724 Dolabellam:
712 651 740 722 si
767 651 882 722 miuus
907 649 944 721 id
969 650 1159 725 commodo
1184 655 1233 725 rei

235 777 396 880 publicae
423 776 534 850 lacere
560 801 697 877 posses,
723 777 795 849 sive
821 800 892 848 non
910 776 1125 850 existimares
1151 803 1171 852 e
1196 804 1233 852 re

175 894 205 950 ’-
234 903 375 1006 publica
402 929 494 1003 esse,
519 916 559 974 ut
582 903 619 975 iu
645 902 769 975 iisdem
793 900 880 976 locis
906 903 1097 976 exercitum
1122 905 1233 978 conti-

235 1052 345 1107 neres.
370 1029 465 1105 Nitn’t
490 1029 779 1103 honorificentius
805 1030 921 1128 potuit
946 1028 1058 1102 facere
1076 1044 1233 1128 senatus,

237 1185 341 1260 quam
368 1171 407 1232 ut
433 1172 530 1230 tuum
557 1169 648 1228 esset
671 1153 856 1253 iudicium,
881 1154 966 1255 quid
982 1157 1132 1228 maxime
1153 1181 1233 1230 cou-

238 1283 364 1358 ducere
396 1284 446 1357 rei
479 1280 639 1381 publicae
671 1280 734 1354 tibi
767 1279 952 1354 videretur.
977 1282 1154 1383 Equidem
1183 1283 1233 1356 sic

236 1411 366 1508 sentio,
391 1412 420 1482 si
447 1433 587 1480 manum
620 1405 744 1505 habet,
768 1409 798 1480 si
824 1421 953 1505 castra,
968 1408 1007 1481 ‘si
1032 1406 1093 1479 uhi
1119 1410 1232 1481 consi·

236 1549 306 1608 stat
331 1536 466 1634 uspiam
486 1533 684 1608 Dolabella:
710 1534 755 1606 ad
780 1534 886 1607 fidem
910 1535 1008 1609 etad
1027 1534 1232 1633 dignitatem

236 1674 332 1735 tuam
366 1663 555 1761 pertinere,
587 1686 667 1733 eum
700 1663 870 1763 persequi.
902 1663 955 1734 De
987 1663 1097 1737 Cassii
1122 1667 1232 1738 nostri

236 1789 348 1889 copiis
371 1788 457 1861 uilril
479 1787 686 1861 sciebamus:
712 1814 824 1889 neque
850 1791 942 1861 euim
969 1789 1013 1862 ab
1039 1791 1118 1890 ipso
1144 1789 1233 1865 ullae

235 1915 373 2015 literae,
404 1940 518 2016 neque
551 1915 777 1988 nuntiabatur
809 1917 1013 2016 quicquam,
1045 1917 1142 2017 quod
1167 1943 1232 2018 pro

149 2098 155 2116 .
237 2057 333 2116 certo
349 2040 566 2115 haberemus.
593 2042 737 2134 Quanto
755 2067 861 2141 opere
878 2056 995 2115 autem
1011 2043 1150 2116 intersit
1171 2069 1232 2144 op·

236 2170 340 2271 primi
363 2162 597 2267 Dolabellam,
614 2169 773 2269 profecto
791 2167 965 2267 intelligis5
982 2195 1091 2269 quum
1108 2183 1147 2242 ut
1161 2197 1232 2244 sce·

234 2292 316 2368 laris
341 2319 472 2395 poenas
497 2292 691 2394 persolvat,
717 2308 791 2367 tum
818 2319 862 2388 ne
887 2294 950 2393 sit,
976 2320 1047 2394 quo
1070 2321 1107 2367 se
1124 2294 1232 2369 latro-

235 2444 321 2493 num
346 2419 452 2493 duces
482 2445 525 2494 ex
556 2420 746 2494 Mutinensi
779 2420 858 2520 suga
890 2417 1080 2495 conferant.
1113 2423 1230 2523 Atque

235 2544 305 2620 hoc
330 2545 415 2618 mihi
438 2546 508 2619 iam
534 2559 615 2619 ante
641 2545 828 2646 placuisse,
856 2560 956 2647 potes
982 2570 1025 2621 ex
1046 2549 1231 2648 superiori-

178 2734 182 2742 .
234 2667 301 2745 bus
326 2671 412 2744 meis
436 2670 545 2745 literis
572 2670 757 2746 recordari.
785 2673 1007 2775 Quamquam
1033 2686 1109 2745 tum
1126 2687 1162 2748 et
1180 2673 1231 2745 lu·

236 2823 299 2897 gae
323 2810 447 2898 portus
472 2811 548 2871 erat
571 2799 609 2870 in
635 2799 702 2872 tuis
733 2801 871 2898 castris,
897 2813 933 2873 ct
957 2799 1153 2873 subsidium
1178 2827 1231 2872 sa·

235 2920 316 2996 lutis
341 2926 378 2996 iu
404 2939 465 2997 tuo
492 2926 653 2998 exercitu.
680 2926 762 3018 Quo
780 2927 889 3026 magis
907 2952 1000 2999 nuuc
1018 2924 1155 3000 liberati
1175 2936 1231 3011 (ut

236 3061 358 3149 spero)
384 3049 561 3151 periculis,
591 3053 628 3124 in
653 3052 833 3126 Dolabella
867 3051 1100 3153 opprimendo
1127 3078 1231 3125 occu·

236 3179 310 3275 pati
328 3204 402 3251 esse
420 3177 596 3252 debemus.
621 3178 691 3252 Sed
716 3179 803 3253 haec
829 3179 998 3278 cogitabis
1021 3178 1232 3276 diligentium

237 3318 368 3378 statues
399 3306 591 3405 sapienter:
623 3305 727 3378 facies
761 3331 842 3403 uos,
876 3304 960 3405 quid
993 3305 1232 3400 constitueris,

237 3429 381 3530 etquid
406 3457 488 3529 agas
514 3432 559 3519 (si
579 3433 642 3504 tibi
661 3431 870 3528 videbitur),
896 3432 1067 3503 certiores.
1096 3431 1232 3504 Cicero·

236 3579 316 3626 nem
342 3569 500 3628 nostrum
526 3559 563 3629 in
590 3573 742 3632 vestrum
761 3558 944 3654 collegium
962 3559 1121 3657 cooptari
1139 3555 1233 3630 volo

235 3679 406 3753 Existimo
423 3685 577 3783 omuino,
595 3683 789 3758 absentium
807 3685 993 3782 rationem,
1009 3683 1230 3756 sacerdotum

235 3806 402 3902 comitiis,
427 3832 530 3906 posse
556 3809 690 3884 haberi:
717 3836 798 3882 rrarn
825 3810 929 3881 etiam
948 3809 1076 3881 lactum
1100 3823 1153 3881 est
1171 3836 1231 3881 au·

235 3943 299 4003 tea.
326 3931 364 4005 C.
390 3934 482 4006 enirn
509 3937 656 4035 Marius,
682 3964 787 4038 quum
814 3938 849 4009 iu
875 3935 1103 4037 Cappadocia
1122 3949 1231 4032 essct,
