2624 4830
174 442 222 494 20
482 434 655 489 :aaaron
679 434 839 487 oecxcsv.
954 429 987 482 s.
1001 433 1037 484 v.
1053 434 1084 487 c.
1097 447 1146 500 φη

173 514 244 639 geri
267 532 504 639 prohibuerat.
523 535 665 611 Hirtius
689 532 779 608 nihil
795 531 862 607 uisi
878 532 1119 638 considerate,
1134 550 1176 614 ut

170 659 257 733 mihi
284 658 414 734 crebris
433 657 555 731 literis
587 658 778 759 significat,
809 671 949 732 acturus
975 657 1173 737 videbatur.

169 787 315 859 Praeter
337 783 555 881 Bononiam,
578 783 726 882 Regium
750 781 894 884 Lepidi,
918 783 1098 884 Parmam,
1123 799 1175 861 to·

170 924 243 984 tam
268 907 419 984 Galliam
445 907 650 982 tenebamus
675 906 965 982 studiosissimam
988 910 1040 983 rei
1062 908 1173 1010 publi-

169 1060 241 1110 cae.
265 1034 364 1108 Tuos
388 1034 494 1107 etiam
524 1033 668 1107 clientes
693 1032 966 1135 Transpadanos
986 1037 1002 1086 ⁶
1027 1035 1172 1110 mirifice

169 1165 375 1241 coniunctos
392 1189 474 1236 cum
491 1189 595 1236 causa
608 1159 835 1236 habebamus.
851 1163 941 1235 Erat
956 1162 1172 1238 firmissimus

168 1303 327 1388 senatus,
354 1289 509 1388 exceptis
541 1285 783 1361 consularibus
800 1306 834 1385 ⁷3
859 1312 903 1359 ex
928 1285 1056 1388 quibus
1080 1313 1171 1362 unus

166 1417 207 1491 1..
232 1415 360 1488 Caesar
384 1414 503 1487 firmus
529 1427 584 1486 est
599 1427 636 1487 et
651 1426 777 1487 rectus.
802 1411 874 1486 Ser.
893 1411 1039 1513 Sulpicii
1055 1426 1169 1487 morte

166 1565 333 1640 magnum
370 1538 581 1638 praesidium
615 1539 803 1613 amisimus.
837 1537 1010 1642 Reliquit
1039 1540 1168 1638 partim

166 1668 313 1764 inertes,
338 1665 466 1765 partim
491 1664 658 1764 improbi:
684 1663 844 1738 nonnulli
870 1664 1031 1738 invident
1048 1690 1169 1739 eorum

165 1789 279 1889 laudi,
307 1816 395 1891 quos
419 1791 458 1864 in
481 1817 519 1865 re
544 1790 685 1891 publiea
713 1791 856 1891 probari
882 1790 1013 1866 vident.
1037 1790 1168 1892 Populi

164 1943 251 1992 vero
282 1917 431 1991 Romani
468 1918 646 2018 totiusque
663 1917 835 1990 ¹ltaliaes
861 1919 948 1991 mira
982 1919 1166 1992 consensio

165 2057 227 2116 est.
252 2043 349 2117 Haec
374 2056 475 2117 erant
499 2042 588 2142 fere,
613 2070 703 2147 quae
731 2043 794 2116 tibi
819 2058 905 2119 nota
930 2070 1006 2118 esse
1028 2043 1166 2119 vellem.

163 2166 268 2244 Nunc
293 2183 411 2242 autem
442 2184 551 2270 opto,
575 2183 616 2243 ut
640 2170 685 2244 ab
711 2171 786 2244 istis
820 2170 974 2244 Orientis
1006 2170 1165 2270 partibus

164 2293 304 2367 virtutis
329 2307 411 2368 tuae
435 2293 554 2368 lumen
579 2292 723 2370 elucent.
748 2295 847 2369 Vale.

560 2648 765 2748 uccxcv.
889 2720 944 2778 (A.
960 2718 1012 2766 0...
1028 2719 1077 2777 n,
1092 2722 1140 2780 ,0

161 2845 381 2925 Argumentum.
405 2868 416 2918 s
440 2849 555 2917 Rufum
576 2872 595 2911 a
607 2850 709 2913 Paeto
729 2852 975 2915 commendatum
995 2851 1054 2916 sibi
1069 2876 1160 2916 curae

200 2950 266 3012 sore
293 2953 437 3032 ostendit;
464 2976 482 3017 2
510 2959 611 3019 iocose
635 2956 762 3020 Paetum
784 2958 938 3033 hortatur-¹,
958 2969 993 3021 ut
1012 2960 1052 3021 ad
1073 2981 1160 3022 censs

200 3059 275 3119 itare
294 3071 416 3142 pergat,
440 3083 480 3124 ne
500 3064 564 3146 ipse
583 3064 705 3126 oenulas
730 3065 828 3127 facere
851 3065 998 3142 dedisoat;
1020 3066 1039 3126 3
1061 3088 1092 3127 se
1112 3077 1159 3128 tn·

199 3184 286 3239 men,
312 3165 394 3248 quod
421 3169 549 3231 iocosius
575 3168 700 3246 scribat,
727 3193 788 3233 non
813 3170 957 3235 abiecisse
984 3193 1088 3234 curam
1115 3175 1157 3233 rei

197 3268 283 3353 publ.
303 3271 498 3336 demonstrat.

144 3546 150 3554 .
266 3502 321 3557 Sor.
339 3504 435 3561 llomte
452 3509 483 3560 Δ.
502 3508 536 3561 V.
554 3510 584 3563 C.
603 3510 707 3579 oceli,
725 3528 812 3564 mense
829 3512 906 3566 Febr.
926 3519 1046 3565 exeunte.

502 3705 646 3774 CICERO
679 3709 809 3776 Paulo

212 3914 223 3960 r
255 3889 382 3965 Rufum
407 3893 513 3967 istum
529 3912 552 3993 ¹,
570 3897 720 3970 amicum
738 3911 855 3999 tuum,
880 3900 924 3973 de
941 3926 1012 4001 quo
1028 3901 1153 3975 iterum

157 4013 233 4090 iam.
252 4016 299 4090 ad
325 4043 381 4092 me
402 4019 543 4121 scribis,
566 4013 786 4124 adiuturam,
811 4040 981 4129 quantum
997 4051 1154 4128 possem,
