2624 4830
522 412 568 459 tn
594 411 762 461 niveasos
1065 390 1138 494 677

166 520 203 592 64
240 518 313 574 Nero
331 532 410 571 meus
428 512 557 569 mirificas
963 512 1121 575 CCXXXV

166 608 203 667 65
241 607 312 663 Cum
330 604 361 660 P.
382 602 512 659 Terentio
531 600 655 677 Hispone
848 628 851 633 ·
949 599 1121 663 ccmw

164 699 202 754 66
238 694 268 750 P.
288 690 464 749 SERVILIO
484 722 521 734 -
539 691 571 746 A
592 688 754 757 Caecinam,
774 689 894 746 maxime
911 708 953 766 pr.
1027 688 1121 747 DVIII

163 787 200 862 67
237 784 280 838 Ex
298 779 441 858 provincia
460 797 522 835 mea
542 776 686 833 Ciliciensi
1054 775 1121 832 DIX

161 873 199 931 68
236 870 266 926 P.
286 866 462 926 SERVILIO
482 865 663 926 ISAVRICO
682 899 719 911 —
742 864 844 923 Gratae

291 955 361 1012 mihi
379 954 487 1012 vehem.
991 949 1121 1010 CDLXII

161 1054 200 1125 69
237 1047 269 1102 C.
289 1045 401 1102 Curtius
420 1042 535 1099 Mithres
554 1055 596 1098 est
614 1041 661 1099 ille
1066 1037 1121 1095 DX

161 1157 199 1216 7ο
237 1134 310 1206 Quia
328 1154 385 1189 non
404 1143 447 1189 est
463 1130 580 1188 obscura
1051 1126 1120 1183 DXI

162 1244 195 1304 7¹
235 1222 336 1278 Multos
354 1220 406 1276 tibi
424 1217 617 1275 commendem
1036 1216 1120 1272 DXII

161 1333 197 1392 72
236 1309 401 1376 Caerelliae,
417 1308 588 1365 necessariae
606 1325 685 1363 meae
1021 1303 1120 1362 DXIII

160 1401 197 1481 73
235 1400 269 1471 Q.
289 1395 466 1453 PHILIPPO
485 1425 522 1442 -ι
535 1394 666 1452 Gratulor
684 1393 736 1451 tibi
755 1394 832 1472 quod

289 1506 324 1544 ex
339 1506 382 1562 pr.
1025 1480 1118 1538 CLXI

159 1580 196 1656 74
234 1574 292 1631 Etsi
309 1595 367 1630 non
386 1571 496 1639 dubito,
514 1591 565 1648 pro
583 1582 632 1627 tua
649 1571 680 1627 in
699 1589 744 1628 me
764 1570 809 1627 ob.
983 1567 1120 1628 CXXVII

160 1664 197 1743 75
234 1662 268 1718 T.
287 1661 397 1717 TITIO
417 1687 453 1706 -·-
471 1659 531 1715 Etsi
548 1679 606 1715 non
626 1659 738 1728 dubito,
757 1660 826 1736 quin
986 1657 1119 1715 CLXXX
1181 1660 1191 1677 '

159 1754 197 1830 76
234 1751 357 1808 IIIIviris
376 1750 425 1805 ET
445 1748 608 1808 DECVRR
628 1750 733 1806 Tantae
947 1746 1120 1805 DCCCLXI

159 1861 194 1918 77
233 1839 263 1894 Ρ.
283 1836 462 1896 SVLPICIO
480 1869 517 1881 —-
537 1837 632 1908 Quum
652 1837 696 1893 his
717 1850 800 1912 temp.
997 1836 1118 1892 DCXIX

160 1928 197 2006 78
233 1925 400 1983 ALLIENO
419 1956 457 1970 ·-
475 1926 649 1982 Democritus
669 1925 816 2001 SIcyonius
960 1923 1118 1983 CDXXXV

159 2035 197 2093 79
234 2015 269 2073 Et
286 2027 313 2071 te
332 2013 402 2071 scire
422 2011 540 2069 arbitror
945 2010 1118 2072 CDXXXVI

546 2178 632 2243 ¹Lrara
651 2187 725 2248 xtv.

113 2317 116 2321 1
183 2387 192 2422 ι
235 2363 450 2421 TERENTIAE
468 2361 633 2421 TVLLIAE
653 2365 702 2421 ET
722 2364 903 2423 CICERONI

286 2484 324 2497 -
336 2454 371 2508 Et
383 2450 469 2508 literis
488 2452 597 2508 multer.
995 2451 1118 2510 LXXIX

178 2561 194 2598 a
232 2540 295 2598 Noli
312 2552 424 2616 putare,
443 2556 488 2595 me
509 2539 545 2594 ad
563 2559 673 2617 quamq.
996 2539 1119 2598 LXXVI

177 2629 195 2688 3
233 2628 336 2704 Accepi
355 2625 391 2684 ab
409 2626 572 2684 Aristocrito
995 2627 1119 2686 LXXXI

178 2720 195 2787 4
233 2718 291 2792 Ego
311 2715 403 2771 minus
422 2734 504 2790 saepe
524 2713 561 2770 ad
579 2735 629 2771 vos
1050 2715 1119 2775 LIX

177 2803 196 2862 5
233 2802 448 2861 TERENTIAE
468 2803 517 2858 ET
537 2800 752 2863 TVLLIAE·-
766 2806 841 2869 Situ

287 2903 315 2946 et
333 2889 440 2958 Tullia,
459 2891 507 2947 lux
524 2904 619 2948 nostra
917 2892 1119 2954 CCLXXXIII

177 2980 196 3036 6
232 2978 289 3035 Nec
308 2999 390 3056 saepe
410 2991 462 3046 est,
483 2983 528 3036 cui
546 2979 640 3037 literas
659 2981 758 3039 demus
949 2981 1119 3041 CCCXCIV

178 3089 195 3142 7
234 3065 341 3122 Omnes
360 3066 499 3122 molestias
519 3080 546 3123 et
564 3069 663 3126 solicit.
908 3068 1118 3128 CCCLXXXV

178 3152 195 3206 8
234 3151 449 3208 TERENTIAE
468 3186 506 3200 --
525 3155 555 3209 Si
574 3157 663 3225 vales,
681 3157 755 3216 benc
775 3171 817 3214 est
904 3180 908 3187 ·
989 3159 1118 3218 CCCXC

178 3260 197 3314 9
233 3238 277 3295 Ad
297 3253 401 3297 ceteras
420 3260 496 3297 meas
515 3242 641 3298 miserias
947 3246 1119 3303 CCCXCIX

163 3346 196 3383 ro
234 3326 311 3398 Quid
330 3327 390 3382 fieri
409 3326 544 3404 placeret,
564 3348 615 3385 scr.
972 3332 1120 3392 CDXVIII

165 3436 192 3471 tr
235 3415 266 3470 Si
284 3414 359 3472 vales
377 3414 450 3472 benc
470 3429 522 3472 est:
544 3437 595 3492 ego
615 3418 702 3476 valeo.
723 3419 815 3477 Tullia
996 3419 1120 3478 CDXIII

165 3527 195 3564 12
236 3507 320 3579 Quod
339 3528 390 3564 nos
410 3509 440 3563 in
459 3508 567 3564 Italiam
965 3513 1121 3574 CCCXCV

165 3594 197 3652 13
235 3596 320 3668 Quod
339 3597 437 3673 scripsi
457 3597 493 3653 ad
512 3610 538 3653 te
557 3617 635 3674 prox.
655 3600 694 3655 lit
1000 3602 1121 3661 CDXIX

163 3688 195 3754 14
234 3684 449 3742 TERENTIAE
469 3685 579 3744 TVLL.
591 3689 641 3744 ET
656 3687 798 3746 CICERO
811 3689 842 3745 F.

95 3768 97 3773 ’
288 3773 411 3829 MATRI
431 3786 482 3831 etc.
503 3776 533 3831 Si
552 3795 602 3833 vos
621 3796 647 3833 v.
1004 3778 1122 3839 CCCVI

166 3857 197 3914 15
236 3859 452 3919 TERENTIAE
472 3891 509 3908 -a
528 3865 559 3920 Si
576 3862 666 3933 vales,
685 3865 757 3924 bene
776 3878 825 3925 est.
846 3866 941 3925 Const.
1016 3867 1121 3926 CDXV

168 3947 200 4004 16
237 3945 267 4004 si
287 3948 376 4019 vales,
394 3949 468 4011 bene
491 3964 544 4011 cst:
565 3952 652 4013 valeo.
672 3954 730 4011 Etsi
1027 3955 1121 4011 cnttt
