2624 4830
237 409 308 483 382
590 423 758 474 nursronl
784 425 877 474 xxvi.
1009 423 1041 472 a.
1058 426 1093 476 v.
1111 425 1141 474 c
1158 437 1205 490 ⁷¹·

236 528 378 633 quaudo
411 528 581 629 propitia,
605 540 658 625 et,
688 538 728 598 nt
750 549 874 626 spero,
898 524 1011 599 lutura
1036 535 1125 625 est),
1151 529 1228 630 quis

237 670 311 730 tam
336 680 460 754 expers
485 653 728 751 humanitatis,
751 652 829 754 quis
854 650 956 725 huius
980 651 1075 727 urbis
1095 655 1228 728 nomini

193 788 198 799 '
235 807 277 856 ac
310 780 452 855 sedibus
486 805 595 880 usque
621 777 711 851 adeo
735 791 789 851 est
811 779 988 878 inimicus,
1013 792 1053 852 ut
1076 780 1144 854 ista
1169 794 1230 853 aut

237 905 452 981 dissimulare
478 906 607 1007 possit,
632 917 692 977 aut
716 928 790 977 non
815 901 955 978 dolerel
979 917 1056 1004 aut,
1080 906 1111 978 si
1134 903 1229 996 nulla

236 1032 372 1133 ratione
398 1030 548 1132 publicis
578 1030 809 1104 incommodis
841 1028 974 1103 mederi
1004 1044 1125 1132 queat,
1156 1056 1229 1105 uon

235 1173 349 1233 morte
374 1159 556 1259 proprium
581 1155 772 1257 periculum
792 1156 899 1230 vitctl
922 1156 1031 1256 Nam,
1056 1170 1097 1229 ut
1113 1156 1229 1230 ordiar

235 1284 280 1359 ab
311 1286 429 1383 initio,
462 1299 511 1378 et,
528 1282 717 1384 perducam
743 1281 790 1356 ad
814 1296 1024 1381 extremum,
1048 1295 1085 1356 et
1110 1283 1229 1357 noris-

235 1411 324 1484 sima
348 1410 523 1484 conferam
552 1410 689 1509 primis,
720 1434 809 1510 quae
842 1434 915 1482 non
946 1409 1122 1510 posterior
1154 1408 1254 1484 dies,

236 1535 393 1610 acerbior
417 1534 554 1636 prioral
578 1548 614 1608 et
637 1561 727 1636 quae
752 1559 824 1608 non
849 1536 1034 1637 insequens
1058 1535 1145 1610 bora
1170 1564 1229 1612 an·

237 1662 419 1736 tecedente
444 1660 678 1736 calamitosior
701 1659 836 1762 populo
852 1663 1011 1737 Romano
1027 1661 1165 1738 illuxit?
1181 1666 1228 1739 Μ.

115 1834 123 1851 ·
235 1788 428 1888 Antonius,
452 1789 507 1862 vir
524 1789 629 1861 animi
646 1788 786 1861 maximi
804 1796 816 1876 (
823 1789 955 1861 utinam
972 1789 1077 1863 etiam
1093 1792 1229 1891 sapien·

228 1915 281 1988 tis
299 1913 434 1988 consilii
450 1915 621 2013 fuissetlt,
636 1914 675 1988 C.
692 1914 856 2011 Caesare,
874 1913 1076 2014 fortissime,
1091 1915 1153 1989 sed
1170 1942 1229 2017 pa-

236 2066 314 2115 rum
340 2039 505 2139 feliciter,
529 2066 549 2114 a
574 2041 625 2114 rei
640 2038 801 2140 publicae
818 2039 1058 2114 dominatione
1074 2067 1229 2116 summo·

236 2179 292 2267 to,
317 2169 544 2267 concupierat
561 2166 670 2264 magis
687 2167 835 2264 regium,
860 2192 965 2266 quam
980 2164 1088 2240 libera
1106 2167 1228 2241 civitas

234 2293 311 2392 pati
338 2306 496 2392 poterat,
524 2294 769 2393 principatum.
801 2291 983 2366 Publicam
1014 2291 1228 2393 dilapidabat

135 2497 140 2505 ,
234 2419 435 2517 pecuniam,
449 2421 618 2491 aerarium
635 2417 873 2517 exhauriebat,
890 2416 1068 2492 minuebat
1079 2420 1227 2517 vectiga-

234 2542 299 2642 lia,
323 2542 479 2618 donabat
497 2545 667 2617 civitates:
687 2571 729 2617 ex
751 2547 1000 2619 commentario
1019 2544 1226 2658 dictaturam

236 2668 393 2768 gerebat,
418 2669 509 2767 leges
534 2670 755 2769 imponebat;
784 2671 996 2771 prohibebat
1020 2670 1225 2745 dictatorem

236 2797 342 2868 creari
369 2795 572 2896 plebiscito,
597 2797 672 2896 ipsc
690 2798 857 2896 regnabat
873 2800 910 2870 in
928 2798 1127 2872 consulatu:
1145 2824 1226 2897 pro-

235 2920 368 2995 vincias
386 2948 474 2994 unus
493 2948 614 2995 omnes
632 2924 874 3024 concupiebat.
892 2926 955 2998 Cui
974 2924 1139 2998 sordebat
1156 2926 1227 2997 Ma·

236 3045 380 3120 cedouia
400 3051 598 3148 provincia,
623 3077 727 3151 quam
746 3052 858 3125 victor
875 3051 941 3123 sibi
958 3065 1128 3124 sumserat
1144 3053 1227 3124 Cae·

197 3181 203 3190 '
234 3199 300 3272 sur,
318 3175 404 3276 quid
422 3175 465 3248 de
482 3175 551 3250 hoc
568 3203 708 3277 sperare
723 3193 783 3251 aut
799 3195 1000 3279 exspectare
1013 3203 1077 3250 nos
1089 3192 1226 3277 oporte·

233 3297 314 3372 batl
337 3303 510 3375 Exstitisti
528 3317 566 3375 tu
584 3304 713 3377 vindex
730 3319 868 3378 nostrae
886 3303 1068 3402 libertatis,
1086 3317 1125 3376 ut
1142 3317 1225 3376 tunc

234 3425 392 3525 quidem,
417 3431 571 3529 optimus
598 3431 716 3530 (quod
740 3433 873 3503 utinam
893 3457 1005 3534 neque
1022 3445 1143 3504 nostra
1160 3455 1224 3502 nos

233 3552 372 3651 opinio,
397 3580 509 3655 neque
536 3572 594 3628 tua
621 3557 707 3630 fides
739 3557 967 3656 fefellissetll,
992 3571 1027 3629 et
1053 3558 1223 3631 veteranis

232 3677 270 3749 iu
295 3704 402 3749 unum
436 3679 634 3779 conductis,
660 3697 695 3753 ct
722 3683 855 3756 duabus
879 3682 1073 3782 legionibus
1099 3709 1119 3756 a
1144 3708 1223 3781 per·

233 3801 322 3873 nicic
349 3805 481 3900 patriae
509 3805 553 3877 ad
583 3806 730 3880 sulutem
761 3813 932 3908 avocatis,
964 3809 1079 3883 subito
1112 3834 1223 3908 prope

232 3927 300 4000 iam
330 3928 488 4003 allectam
522 3960 561 4004 ac
598 3948 807 4032 prostratam
843 3963 914 4010 rem
948 3936 1123 4036 publicam
1158 3936 1226 4007 tuis
