2624 4830
269 442 337 523 116
571 460 742 511 uersuum
769 460 922 510 ccccm.
1044 462 1076 514 a,
1091 461 1124 510 v.
1143 466 1172 509 e.
1191 476 1236 524 μ.

263 565 366 641 rebus
392 579 466 637 tum
492 561 634 663 subitis,
659 576 799 666 tamque
826 563 979 662 angustis
997 588 1016 636 a
1033 578 1158 637 senatu
1181 589 1262 639 uuu-

262 690 377 769 silium
395 688 587 790 petendum
604 703 716 790 putes.
740 691 822 790 lpse
847 688 910 767 tibi
926 688 972 763 sis
988 703 1139 764 senatus.
1165 692 1261 785 Quo·

263 842 412 919 cumque
439 828 474 889 te
499 817 588 889 ratio
613 817 665 889 rei
688 814 850 916 publicae
870 814 988 914 ducet,
1013 842 1169 919 sequare.
1194 819 1260 893 Cu-

261 969 317 1019 res
332 960 372 1042 ¹⁹,
388 956 428 1020 ut
445 957 526 1015 aute
546 942 676 1024 suctum
694 941 837 1043 aliquod
852 968 872 1016 a
891 956 925 1014 te
942 943 1118 1040 egregium
1140 943 1259 1022 audia-

262 1096 359 1168 mus,
374 1094 479 1171 quam
496 1068 650 1142 futurum
668 1069 870 1169 putarimus.
887 1066 979 1141 Illud
995 1067 1060 1141 tibi
1077 1070 1260 1170 promitto,

263 1193 430 1298 quicquid
446 1220 466 1267 a
484 1208 519 1268 te
535 1195 602 1268 erit
618 1193 748 1269 lactum
762 1211 803 1294 ¹¹,
818 1194 856 1267 id
873 1208 1032 1267 senatum
1054 1219 1128 1268 non
1153 1195 1258 1269 modo

261 1335 303 1394 ut
326 1319 489 1419 fideliter,
513 1320 576 1403 sed
600 1322 705 1402 etiam
732 1335 772 1395 ut
796 1321 973 1433 sapienter
1000 1322 1132 1400 t'actum
1165 1348 1258 1395 com-

262 1444 501 1559 probaturum.
559 1563 565 1578 ἢ

622 1699 866 1773 DCCCXXII.
980 1740 1037 1797 (aa
1053 1742 1105 1786 ua.
1122 1742 1175 1799 xu,
1190 1743 1236 1793 aa>

263 1877 482 1956 Argumentum.
496 1875 654 1944 Silentium
668 1876 838 1950 literarum,
853 1887 973 1961 practer
985 1877 1166 1960 litigantium
1181 1898 1258 1939 coru·

305 1983 528 2056 mendationes,
542 1996 674 2046 excusat:
695 2005 829 2047 umorem
844 2006 932 2045 suum
947 1983 1116 2045 Cornificio
1125 1984 1257 2046 testifica·

304 2101 368 2165 tur3
388 2102 419 2151 et
442 2089 480 2151 de
506 2094 650 2174 angustiis
680 2093 825 2176 pecuniae
852 2090 1006 2182 publicae,
1025 2092 1152 2186 aliisque
1174 2089 1257 2154 rebus

305 2193 439 2262 blesitcr
458 2196 569 2265 scribit,

440 2429 494 2480 Sor.
514 2429 608 2485 nome
627 2433 657 2483 Δ.
677 2431 710 2485 V.
728 2432 756 2485 C.
777 2431 884 2500 cccx,
902 2450 987 2486 mcccc
1007 2433 1085 2488 Maio.

411 2623 452 2685 tt.
479 2624 514 2688 T.
540 2625 684 2692 CICERO
710 2629 740 2692 S.
765 2631 798 2694 P.
821 2630 860 2694 D.
885 2631 1115 2698 CORNIFICIO

311 2827 593 2943 Itane,praeter
608 2832 816 2935 litigatores,
842 2863 947 2912 nemo
974 2838 1020 2912 ad
1045 2852 1080 2911 te
1107 2866 1201 2914 meas
1217 2839 1257 2913 li-

263 2963 354 3027 teras
374 2953 405 3025 ¹l
431 2955 562 3037 Multae
586 2959 674 3042 istae
698 2961 848 3066 quidem.
876 2964 932 3039 Tu
957 2966 1051 3038 enim
1069 2967 1258 3068 perfecisti,

261 3091 302 3149 ut
333 3103 436 3155 nemo
467 3083 542 3156 sine
574 3083 683 3167 literis
711 3090 796 3164 meis
823 3089 886 3167 tibi
912 3117 948 3164 se
974 3093 1257 3167 commendatum

262 3217 410 3303 putaret.
437 3207 506 3279 Sed
532 3212 608 3310 quis
635 3239 801 3314 umquam
829 3230 968 3290 tuorum
995 3217 1080 3290 mihi
1107 3219 1196 3293 dixit
1211 3245 1259 3293 es·

263 3353 317 3427 se,
342 3332 397 3403 cui
424 3332 560 3433 darem,
587 3339 672 3438 quin
698 3340 872 3416 dederiml
898 3357 959 3417 aut
975 3343 1062 3445 quid
1080 3345 1192 3418 mihi²
1209 3347 1258 3423 iu-

263 3454 429 3556 cundius,
460 3487 583 3561 quam,
615 3491 724 3564 quum
758 3493 876 3544 coram
912 3485 1027 3544 tecum
1061 3470 1159 3574 loqui
1190 3497 1259 3546 nou

262 3582 411 3681 possim,
436 3599 497 3659 aut
521 3587 672 3664 scribere
698 3592 745 3665 ad
771 3608 823 3692 te,
855 3611 916 3672 aut
942 3611 1018 3670 tuas
1044 3596 1160 3697 legere
1185 3597 1258 3677 lite-

261 3703 339 3776 rasl
363 3707 456 3781 Illud
480 3715 588 3810 magis
606 3716 691 3789 mihi
709 3720 804 3816 solet
824 3748 900 3795 essa
926 3722 1129 3822 molestum,
1155 3722 1257 3804 tantis

260 3851 317 3901 mc
342 3831 504 3931 impediri
530 3845 839 3945 occupationibus,
872 3864 911 3921 ut
937 3850 982 3922 ad
1015 3863 1050 3922 tc
1084 3846 1255 3923 scribendi

260 3977 339 4032 meu
365 3957 533 4041 arbitratu
559 3965 704 4047 facultas
731 3973 825 4048 rutila
853 3975 962 4050 detur.
996 3975 1078 4051 Non
1104 3978 1197 4049 enim
1223 3987 1253 4063 tu
