2624 4830
152 441 226 523 ¹qu
493 438 664 489 srrsrons
690 440 852 493 occcxnr.
952 439 983 489 t.
1000 441 1037 492 v.
1052 439 1083 491 e.
1100 453 1149 506 ,ιο

175 561 346 619 rosoumt
362 541 511 616 militum
526 540 673 618 haberet
689 544 893 642 inermium,
915 543 1089 643 ergastula
1106 544 1175 620 sol·

174 668 309 768 vendo,
333 691 506 772 omneque
532 694 640 768 genus
665 670 850 745 hominnm
875 670 1094 770 arripiendo,
1117 699 1173 746 sa·

174 798 219 870 tis
251 821 413 894 magnum
445 821 631 869 numerum
656 796 795 871 videtur
820 795 982 870 effecisse.
1007 797 1089 871 Huc
1113 824 1172 872 ac-

174 923 278 996 cessit
313 948 437 995 manus
461 916 619 996 Ventidii
641 923 669 1022 ⁸,
694 948 786 1024 qnae
816 935 913 996 trans
944 923 1171 1022 Apenninum

163 1049 296 1158 ¹itinere
321 1049 414 1125 facto
440 1048 646 1123 difficillimo
671 1049 718 1124 ad
734 1047 837 1123 Vada
862 1048 1040 1150 pervenit,
1064 1061 1171 1152 atque

46 1250 53 1274 ,
171 1176 221 1250 ibi
245 1203 282 1250 se
308 1202 387 1249 cum
412 1175 568 1250 Antonio
594 1177 784 1250 coniunxit
808 1177 877 1248 Est
894 1193 1060 1249 numerus
1076 1189 1172 1249 vete·

171 1328 337 1377 ranorum
362 1315 398 1374 et
422 1315 635 1377 armatorum
667 1302 752 1376 satis
777 1301 940 1403 frequens
965 1327 1047 1375 cum
1071 1300 1171 1376 Ven-

170 1427 270 1501 tidio.
295 1426 447 1502 Consilia
464 1428 611 1501 Antonii
627 1427 715 1501 haec
740 1427 829 1525 sint,
852 1451 995 1501 necesse
1019 1438 1089 1499 est:
1107 1441 1170 1501 aut

171 1552 217 1626 ad
247 1553 421 1653 Lepidum
453 1567 494 1626 ut
525 1579 565 1626 se
597 1553 771 1651 conferat,
803 1554 832 1628 si
865 1554 1032 1655 recipitur
1048 1571 1081 1650 95
1106 1567 1168 1628 aut

169 1681 356 1779 Apennino
377 1678 594 1781 Alpibusque
619 1706 656 1751 se
682 1692 816 1776 teneat,
833 1693 879 1759 ,et
903 1678 1167 1754 decursionibus

169 1828 232 1906 per
256 1805 404 1907 equites,
438 1830 528 1908 quos
559 1804 667 1878 habet
691 1805 839 1901 multos,
865 1818 979 1878 vastet
1003 1830 1045 1879 sa
1070 1804 1167 1907 loca,

167 1933 205 2005 in
230 1938 320 2035 quse
343 1932 545 2032 incurrerit,
570 1946 632 2006 sut
656 1957 774 2006 rursus
799 1957 837 2005 se
861 1931 899 2005 in
920 1932 1100 2006 Etruriam
1116 1957 1168 2006 re-

168 2058 272 2161 feret,
297 2059 394 2164 quod
413 2085 454 2134 ea
472 2086 554 2161 pars
570 2057 689 2134 ltaliae
705 2059 780 2132 sine
797 2057 949 2134 exercitu
967 2071 1029 2132 est
1055 2057 1167 2153 Quod

167 2187 277 2259 sime
302 2187 431 2261 Caesar
456 2185 628 2284 audisset,
650 2198 755 2286 atque
772 2184 998 2289 ilperininum
1025 2186 1167 2259 transis·

166 2324 236 2409 set,
259 2312 296 2384 in
322 2325 438 2386 tuntas
455 2319 632 2410 angustias
647 2312 843 2386 Antonium
860 2309 1109 2411 compulissem
1125 2328 1167 2410 ¹⁰,

76 2462 81 2477 ·
165 2452 206 2511 ut
221 2436 343 2538 inopia
359 2439 493 2539 potius,
519 2465 625 2540 qnam
641 2437 735 2512 ferro
752 2438 992 2522 conficeretur.
1018 2436 1091 2512 Sed
1107 2464 1166 2513 ne·

164 2589 233 2666 que
256 2565 395 2638 Caesari
422 2566 583 2664 imperari
606 2579 731 2664 ¹potest
744 2581 786 2661 ¹¹,
803 2589 868 2638 nec
884 2566 1014 2638 Caesar
1031 2565 1164 2639 exerci-

164 2690 313 2788 tuisne,
330 2690 426 2792 quod
443 2704 631 2793 utrumque
648 2693 840 2791 pessimum
857 2704 920 2765 est.
937 2692 1058 2784 Quum
1074 2691 1163 2765 haec

164 2814 245 2889 talia
261 2816 349 2890 sint:
375 2843 445 2919 quo
463 2817 595 2918 minus,
621 2806 719 2920 quod
736 2817 783 2890 ad
799 2841 856 2891 me
873 2816 1081 2917 pertinebit,
1095 2817 1164 2893 ho·

31 3004 33 3008 ,
163 2943 275 3015 mines
292 2943 515 3045 interpellent
534 2959 573 3043 ¹²,
599 2958 769 3045 utsupra
795 2945 935 3044 scripsi,
960 2937 1034 3017 non
1050 2945 1163 3045 impe-

164 3068 232 3144 dio.
257 3070 354 3144 Haec
369 3072 398 3122 ¹³
416 3070 713 3173 quemadmodum
732 3068 896 3170 explicari
914 3071 1067 3170 possint,
1083 3085 1163 3172 aut,

162 3211 236 3270 ate
252 3225 361 3300 quum
386 3197 671 3298 explicabuntur,
696 3223 741 3269 ne
765 3195 1017 3296 impediantur,
1043 3196 1161 3272 timeo.

160 3321 263 3398 Alere
294 3326 365 3399 iam
398 3325 525 3399 milites
557 3350 632 3399 non
664 3349 818 3424 possum.
854 3323 972 3414 Quum
1006 3321 1053 3395 ad
1085 3349 1161 3398 rem

160 3448 337 3546 publicam
363 3450 580 3525 liberandam
608 3449 756 3546 accessi,
787 3447 882 3520 H-S:
899 3446 984 3519 mihi
1009 3446 1076 3521 fuit
1101 3474 1160 3549 pe·

160 3575 282 3645 cuniae
312 3575 595 3678 quadringenties
616 3573 646 3642 ¹4
672 3572 831 3675 amplius.
857 3573 1013 3646 Tantum
1042 3570 1159 3672 abest,

53 3696 60 3716 ⁶
159 3711 199 3770 ut
223 3724 320 3773 meae
353 3703 401 3775 rei
429 3701 606 3776 familiaris
638 3701 786 3775 liberum
814 3699 860 3772 sit
888 3698 1091 3802 quicquam,
1118 3712 1158 3772 ut

160 3849 282 3899 omnes
297 3827 367 3900 iam
392 3854 489 3902 meos
516 3830 647 3903 amicos
671 3852 749 3901 aere
768 3825 883 3900 alieno
899 3824 1156 3899 obstrinxerim.

160 3950 302 4054 Septem
332 3964 478 4031 numero
507 3955 661 4056 legiones
681 3955 711 4009 ¹5
737 3952 809 4028 alo:
840 3979 907 4054 qus
934 3951 1155 4047 difficultate,
