2624 4830
226 402 297 472 aid
524 417 690 466 srrsroui
719 418 928 465 occcxuvnr.
998 372 1193 493 asnede,

222 523 318 595 Varo
345 519 562 622 proconsule.
595 519 658 592 Illa
685 543 768 602 sero
794 520 861 590 iam
889 544 935 591 nc
958 519 1114 595 Caesaris
1140 525 1218 624 qai-

223 646 305 765 dem
337 647 548 747 exemploa,
573 644 670 748 quod
702 643 793 717 ludis
825 659 1041 754 praetextam
1076 647 1119 720 de
1153 675 1217 723 suo

221 775 345 848 itinere
369 773 469 847 adL.
486 771 676 846 Lentulum
700 770 944 872 proconsulem
971 772 1216 848 solicitandum

222 901 349 1000 posuit.
382 901 430 973 Et
458 898 601 1000 quidem
634 925 741 998 quum
775 912 933 995 ageretur
964 897 1120 998 ssevit¹⁰,
1144 888 1216 973 rne-

220 1028 331 1099 moria
355 1050 468 1098 rerum
487 1037 659 1122 gestarum
678 1037 883 1095 commotus.
911 1023 1171 1099 Gladiatoribus
1180 1043 1214 1129 ,¹¹

186 1233 188 1236 y
221 1168 353 1249 antem,
377 1151 526 1223 Fadium
552 1148 745 1251 quendam,
770 1148 916 1220 militem
941 1134 1253 1252 Pompeianums'

221 1281 317 1380 qnia,
344 1303 450 1378 quum
479 1276 663 1382 depressus
690 1276 724 1346 in
751 1274 877 1347 ludum
898 1273 952 1348 bis
978 1279 1082 1375 gratis
1109 1277 1217 1377 depu-

220 1418 372 1500 gnasset,
398 1403 570 1475 auctorari
586 1416 615 1451 ¹²
633 1427 707 1474 sese
725 1401 888 1500 nolebat,
913 1415 949 1473 et
973 1401 1018 1474 ad
1044 1403 1214 1502 populum

221 1529 439 1627 confugerat,
463 1528 613 1626 primum
640 1526 760 1600 Gallos
785 1528 922 1628 equites
940 1528 1083 1601 immisit
1099 1530 1134 1601 in
1154 1554 1217 1629 po·
1240 1524 1242 1528 ’

220 1653 342 1756 pulum
374 1654 546 1742 (coniecti
569 1655 599 1705 ¹³
631 1654 723 1725 enim
760 1652 894 1752 lapides
926 1667 1009 1729 suut
1040 1654 1077 1726 in
1109 1680 1214 1753 eum,

222 1779 330 1884 quum
354 1781 570 1881 abriperetur
595 1779 759 1878 Fadius),
776 1777 903 1853 deinde
921 1777 1134 1854 abstractum
1153 1780 1213 1875 de·
1274 1862 1277 1867 ,

11 1904 13 1906 ,
77 1901 95 1923 2
218 1906 343 1981 sodis
333 1933 370 1980 ,n
395 1905 538 2005 pudori,
563 1920 598 1978 et
624 1907 742 1978 vivum
769 1903 977 1979 combussit:
989 1893 1120 2010 quum'
1135 1908 1217 2011 qui-⁸
1300 1881 1310 1969 ΑΔ

220 2035 301 2118 dem
318 2063 482 2138 pransus
506 2035 610 2108 nudis
629 2033 815 2133 pedibus,
819 2034 936 2108 tunica
953 2031 1082 2132 soluta
1106 2036 1216 2106 mani-
1243 2096 1245 2100 .
1286 2040 1292 2130 s

217 2133 285 2235 bus
302 2160 348 2234 ad
366 2175 501 2260 tergum
519 2162 673 2258 reiectis,
694 2143 942 2258 inambularet,
967 2171 1004 2232 et
1018 2090 1082 2230 illi,
1087 2159 1214 2232 misero

219 2287 458 2387 quiritanti.
416 2290 459 2336 ¹⁵·
493 2287 532 2358 C
559 2286 602 2357 R.
628 2299 852 2371 natussum,
878 2284 1118 2384 responderet:
1139 2283 1214 2358 Aba·

218 2435 335 2495 nunc,
363 2411 493 2510 populi
513 2410 628 2502 fidem
659 2410 822 2510 implora.
853 2410 979 2486 Bestiis
1005 2436 1088 2484 vcro
1115 2410 1211 2484 cives

216 2536 443 2632 Romanoss
435 2561 471 2606 ιιι
497 2534 550 2607 liis
570 2538 599 2586 ¹⁶
626 2534 866 2609 circulatorem
883 2535 1073 2637 quendam
1076 2536 1210 2608 auctio·

160 2708 162 2712 .
217 2677 320 2773 num,
345 2652 564 2733 notissimum
595 2662 775 2733 hominem
803 2662 959 2762 Hispali,
991 2663 1072 2764 quia
1099 2662 1212 2736 desor-

218 2761 284 2859 mis
314 2801 405 2883 erat,
438 2785 574 2858 obiecit.
607 2788 697 2860 Cum
730 2786 970 2860 huiuscemodi
989 2802 1018 2854 ¹⁷
1044 2801 1209 2888 portento

217 2938 274 2986 res
306 2912 391 2984 inibi
420 2899 493 2984 luit.
526 2911 595 2986 Sed
628 2911 671 2984 de
703 2911 764 2986 illo
797 2913 897 3013 plura
932 2940 1058 2987 coram.
1091 2913 1213 3011 Nunc,

218 3039 314 3141 quod
340 3004 493 3138 praestat
512 3039 551 3138 ¹⁸,
576 3037 661 3140 quid
689 3064 744 3112 mc
770 3039 884 3114 velitis
916 3039 1045 3138 iacere,
1077 3040 1208 3112 consti·

216 3167 313 3238 tuite.
339 3166 426 3239 Tres
451 3163 605 3263 legiones
621 3159 740 3240 firmas
756 3165 888 3239 habco:
919 3192 1065 3266 quarum
1091 3191 1212 3261 unam,

215 3292 381 3367 XXVIII
406 3289 446 3393 ¹9,
471 3320 578 3395 quum
610 3291 657 3366 ad
691 3319 728 3366 se
760 3293 861 3366 initio
897 3291 980 3365 belli
1013 3292 1211 3365 arcessisset

215 3421 389 3493 Antonius
406 3419 472 3492 hac
490 3417 755 3519 pollicitatione,
781 3444 852 3520 quo
878 3417 933 3492 dic
958 3419 995 3490 in
1020 3431 1133 3490 castra
1154 3441 1211 3489 ve·

215 3544 324 3615 nisset
349 3528 526 3617 denario!
535 3547 729 3647 quingenos
748 3560 779 3594 ²⁰
805 3544 947 3643 singulis
964 3536 1131 3616 militibus
1149 3541 1211 3615 da-

105 3727 109 3736 .
218 3682 349 3767 turum,
375 3671 411 3741 in
437 3670 583 3743 victoria
602 3696 685 3745 vero
704 3670 825 3744 eadem
843 3670 1013 3771 praemia,
1031 3694 1119 3771 quac
1138 3669 1208 3740 suis

217 3791 411 3890 legionibus
424 3804 590 3895 (quorum
609 3798 686 3896 quis
703 3795 808 3869 ullam
821 3798 978 3894 anemo,
990 3809 1051 3868 aut
1064 3793 1210 3868 modum
1307 3831 1310 3835 v

218 3917 369 3992 futurum
399 3920 603 4022 putabitl),
631 3923 905 3998 incitatissimam
936 3922 1079 4018 retinui,
1109 3945 1209 4017 aegre
