2624 4830
453 419 625 470 notantis
964 412 1038 489 663

59 527 137 588 xiv.
161 526 326 585 tremberti
345 529 362 596 4
381 544 453 582 saec.
472 544 519 584 xiv
538 525 608 600 sign.
631 524 673 592 11,
694 527 753 584 ιι8.
778 529 840 588 Par.
863 534 910 592 int.
932 521 1020 615 Epist.

119 617 157 676 ad
181 617 243 675 biv.
266 616 332 673 libri
355 615 438 682 XVI;
463 624 582 691 quarm
610 612 719 690 aliquae
746 632 877 694 vagantes
905 626 1023 704 scriptae

117 719 184 766 sunt
201 707 229 763 in
249 706 343 764 charta
360 704 444 762 droul
461 720 527 762 com
546 715 603 760 toto
622 703 711 760 Caelii
729 704 802 764 libro
816 708 884 766 VIII
895 713 924 768 in
938 715 1022 774 ealce.

117 799 191 855 Cum
209 797 282 854 notis
300 795 353 853 viri
372 794 461 860 docti,
478 792 528 869 qui
548 791 657 850 videtur
674 794 759 850 luisse
778 795 909 855 Venetus

61 887 123 944 XV.
143 885 264 942 blembi.
279 884 308 941 in
327 887 435 954 dtsaeo.
454 901 491 942 xv
510 882 578 958 sign.
597 880 637 949 L,
656 903 699 959 7¹·
719 882 781 940 Par.
800 905 861 963 sup.
881 890 968 966 Epist.
986 893 1023 949 ad

116 976 182 1033 niv.
200 973 266 1031 libri
284 973 337 1032 XV
339 973 359 1029 l.
379 971 471 1030 Scotet
482 969 636 1038 erroribus,
648 970 699 1027 sed
711 971 822 1030 videtur
834 975 935 1034 ebone
948 980 1023 1038 fonte

117 1068 254 1120 manasse.
1134 1102 1136 1108 ·

61 1151 138 1211 XVI.
159 1152 253 1211 Cbsrt.
272 1151 301 1207 in
320 1150 367 1208 sol.
386 1169 437 1207 scr.
456 1169 501 1206 au.
517 1146 730 1215 mccccxu,
744 1149 772 1206 d.
785 1151 852 1208 XVI
864 1157 1024 1214 mensibu.

116 1243 200 1318 gusti,
210 1260 262 1318 per
272 1239 426 1296 Adrianum
439 1238 514 1294 Petri
527 1236 562 1294 de
576 1236 841 1316 Gbenderen,aign.
854 1242 894 1309 A,
907 1246 950 1321 47.
962 1245 1024 1302 Par.

117 1328 165 1385 int.
184 1330 256 1405 Epp.
268 1327 304 1385 ad
317 1329 354 1383 Μ.
368 1328 483 1383 Brutum
501 1325 549 1381 lib.
568 1325 602 1392 132
614 1325 650 1380 ad
671 1326 706 1396 Q.
719 1327 831 1384 fratrem
846 1328 909 1385 libri
922 1333 975 1399 1113
988 1334 1024 1390 ud

117 1415 267 1473 Octavium
285 1415 364 1493 epist.
382 1413 529 1491 singularis
535 1432 545 1480 ς
563 1412 599 1470 ad
617 1413 740 1471 Atticum
758 1415 822 1471 libri
840 1418 915 1475 XVI.
1030 1410 1031 1415 ἵ

59 1505 151 1564 XVII.
169 1504 286 1561 Membr.
305 1505 335 1560 in
353 1502 400 1560 sol.
420 1522 490 1560 saec.
509 1522 556 1562 nv
576 1503 645 1579 sign.
665 1503 703 1570 E,
722 1504 766 1560 81.
791 1505 852 1561 Par.
878 1507 927 1562 int.
952 1510 1025 1588 Epp.

116 1591 154 1649 ad
167 1594 203 1664 Q.
215 1594 325 1650 fratrem
342 1590 411 1648 libb.
424 1592 479 1659 1113
498 1590 538 1647 sd'
546 1593 601 1647 tu
615 1589 683 1648 XVI
688 1614 697 1658 ς
715 1592 751 1648 ad
769 1593 806 1649 bl.
819 1595 937 1653 Brutum
954 1597 1028 1656 liber

116 1681 248 1758 singular.
266 1680 408 1758 Epistolae
426 1680 464 1736 ad
482 1682 517 1752 Q.
536 1681 648 1736 Fratrem
673 1680 746 1738 iuter
764 1682 896 1758 epistolas
915 1685 953 1742 ad
970 1688 1026 1744 tu.

115 1763 277 1826 intellectae
295 1757 433 1847 leguntur.
451 1769 558 1825 Harum
576 1766 756 1844 epistolarum
776 1771 878 1844 partim
890 1785 956 1830 suat
968 1795 1028 1831 mu·

18 1901 21 1905 ψ
115 1857 195 1926 tilae,
213 1858 313 1934 partim
334 1856 416 1915 etiam
440 1857 555 1914 omnino
578 1856 687 1912 absunt.
712 1857 744 1912 In
768 1871 893 1917 extremo
917 1861 1026 1919 Somnii

117 1947 271 2024 Scipionis,
290 1958 319 2003 et
336 1946 425 2003 atatim
439 1958 502 2002 aute
515 1943 662 2022 epistolas,
680 1943 782 2021 legitur
799 1945 836 2002 ab
855 1948 953 2005 eadem
968 1970 1026 2007 ma·

115 2054 170 2092 uu:
189 2033 304 2092 Mar-uus
321 2033 357 2091 de
375 2034 549 2109 &plausus
567 2038 683 2107 scripsit.

59 2122 207 2181 Zeladiani
225 2121 336 2180 codices
348 2123 412 2178 msti
424 2121 494 2189 duo,
509 2121 558 2197 qui
571 2120 677 2178 scilicet
688 2121 801 2179 suerunt
813 2122 957 2181 Francisci
972 2125 1028 2183 Xa-

114 2212 186 2269 rerii
198 2212 227 2268 S.
239 2212 273 2268 tt.
286 2211 318 2269 Ε.
331 2209 487 2268 cardinalis
501 2208 639 2275 Zeladae;
656 2208 686 2265 in
703 2210 883 2279 membrana,
894 2229 969 2271 seso.
980 2234 1027 2275 xiv

115 2301 186 2378 sign.
204 2302 244 2367 A,
264 2301 294 2355 Β.
314 2301 419 2356 Eorum
438 2316 511 2354 uuus
529 2296 742 2373 diligentissima
760 2300 880 2376 scriptus
897 2302 954 2359 αι’
973 2305 1029 2360 Ha.

114 2389 185 2447 beat
208 2402 272 2466 epp.
291 2387 328 2445 ad
345 2387 408 2445 biv.
432 2386 520 2443 libros
544 2386 620 2445 xvi
645 2385 712 2443 Illos
734 2389 887 2449 novissime
912 2392 1030 2450 contulit

117 2496 182 2536 eum
201 2477 246 2535 ed.
260 2475 588 2542 Gremio-Pometiam,
604 2474 691 2552 Neap.
714 2496 798 2555 1777,
816 2478 850 2536 V.
871 2479 903 2536 C.
920 2480 1030 2558 Philip·

117 2584 174 2644 pus
197 2564 385 2632 Inremirius,
410 2563 527 2639 eiusque
551 2563 728 2621 collationem
753 2566 927 2643 Bentitoglio
951 2581 1030 2626 uten-

118 2655 183 2711 dam
203 2653 342 2711 dczlerunt
358 2653 444 2728 huius
464 2651 593 2708 editionis
612 2651 790 2710 redemtoras.

59 2741 228 2803 Recslcatus
252 2741 342 2799 codex
366 2753 453 2797 mstus
478 2739 632 2796 membran.
651 2742 680 2795 io
702 2745 718 2814 4
738 2761 809 2799 saec.
828 2763 866 2804 xv
885 2744 1033 2822 dilIgenter

118 2831 245 2909 scriptus.
264 2832 336 2907 Epp.
356 2828 392 2885 ad
410 2828 472 2884 Dir.
492 2826 562 2884 libb.
582 2828 657 2885 XVI.
676 2830 838 2887 Exciditur:
858 2833 947 2890 stare
961 2834 1033 2892 Tvre

117 2939 153 2976 aar
172 2920 313 2976 Cratonis
337 2919 525 2976 Eunomia
550 2937 620 2973 aran
645 2936 743 2977 ramvs
767 2939 861 2976 arcun
884 2937 1032 2977 rostrum

120 3027 156 3065 an
174 3007 276 3068 Pvauit
294 3004 445 3064 Lsrmva
463 3024 495 3060 ar
514 3003 604 3064 chm
622 3005 741 3064 viimo
760 3019 811 3064 eto.
836 3009 929 3065 Habet
949 3010 1032 3064 etiam

120 3095 265 3174 epistolam
288 3098 316 3149 C.
335 3093 457 3150 Fabricii
473 3104 500 3149 et
511 3094 620 3150 Aemilii
637 3095 778 3150 consulum
789 3115 857 3150 rom.
870 3115 953 3171 super
965 3116 1033 3172 pru·
1124 3104 1126 3108 '

120 3185 220 3241 ditione
239 3182 369 3258 scriptam
391 3182 432 3237 ad
454 3201 542 3257 regem
560 3182 718 3256 vatum
740 3182 865 3257 itemque
888 3183 1033 3260 epistolam

119 3270 221 3350 Pyrrhi
234 3271 388 3328 consulibus
397 3271 554 3347 populoque
566 3274 616 3325 Ro.
636 3270 805 3326 Invextremo
818 3269 934 3346 legitur:
952 3275 1034 3328 Hunc

119 3359 240 3418 codt'wn
258 3365 321 3417 emit
338 3365 398 3419 Das
416 3361 553 3416 Antonius
570 3358 606 3413 de
626 3358 757 3414 Corradis
769 3362 834 3414 civis
847 3359 1036 3415 Mediolanen-

119 3452 160 3505 sis
179 3448 219 3504 ad
234 3467 347 3505 suorum
365 3449 506 3529 utilitatem
517 3447 646 3504 heredum
657 3451 686 3502 in
698 3460 877 3503 uccccmn.
896 3445 962 3503 Fuit
974 3445 1036 3502 illu·

121 3535 187 3592 stris
206 3536 328 3594 familiae
353 3536 516 3594 Recoleatae
536 3554 570 3591 ex
587 3534 704 3612 patritia
729 3533 875 3591 nobilitate
898 3532 1035 3592 Mediola-

39 3646 45 3655 ·
120 3623 217 3692 nenti,
236 3625 317 3681 cuius
335 3638 392 3682 tota
414 3622 588 3681 bibliotheca
613 3635 686 3679 emta
711 3622 763 3679 tuit
781 3643 797 3678 a
816 3634 912 3679 nostro
931 3620 1036 3679 biblio·

16 3781 19 3787 Ι
119 3711 187 3788 pola
210 3712 297 3770 Paulo
320 3714 383 3770 Ant.
409 3710 486 3770 Tosi.
506 3709 631 3768 Collatus
656 3711 706 3766 snit
725 3732 741 3767 s
760 3709 911 3768 francisco
936 3710 1033 3767 Benti-

120 3799 223 3875 voglio.

64 3882 193 3943 Landius
212 3887 301 3945 codex
319 3907 371 3945 ms.
389 3887 543 3946 membran.
563 3886 592 3943 in
612 3890 629 3957 4
649 3906 723 3946 seeo.
741 3907 787 3949 xv.
806 3888 878 3965 Epp.
897 3886 947 3944 lib.
967 3887 980 3941 1
999 3884 1035 3942 sd

120 3974 158 4030 bl.
177 3975 311 4047 Brutum,
329 3990 357 4036 at
375 3975 444 4036 libb.
464 3975 517 4035 Vll
534 3975 643 4053 priores
656 3976 693 4035 sd
705 3979 763 4036 Ata
777 3995 865 4054 usque
878 3975 915 4033 ad
927 3994 971 4050 ep.
985 3991 1037 4040 rat
