2624 4830
245 406 317 499 lab
610 419 872 471 sasorlrroaes

247 552 279 591 rs
304 532 365 609 Qui
387 531 432 588 ius
452 527 566 608 imperii
586 523 697 584 lrabeat
722 526 797 606 ipse,
824 535 854 583 et
879 522 993 584 nullum
1020 526 1057 583 sit
1086 524 1243 607 imperium

283 640 394 713 maius,
419 638 490 719 quia
518 632 652 694 consules
678 652 737 693 non
764 642 841 691 suut
867 631 931 692 Nec
959 628 1075 691 caesar
1102 630 1246 693 exercitui

282 766 351 818 suo,
372 746 443 827 quia
462 764 522 802 non
542 745 620 803 iusto
641 738 756 801 delectu
779 742 903 822 scriptus
924 750 980 816 est,
1001 741 1054 801 sed
1075 740 1243 801 tumultua-

281 856 325 915 rie
350 853 502 927 collectus,
529 862 558 911 et
584 853 646 909 sine
672 848 833 930 disciplina.
855 847 882 907 I.
905 849 941 909 F.
963 849 1094 911 Gronov.
1124 855 1171 932 τᾷ
1190 873 1241 911 erec

284 960 399 1023 caesar
418 958 544 1018 subaudi
566 957 727 1036 imperare,
747 976 803 1037 pro
825 977 889 1038 sup.
912 957 1054 1038 imperari
1060 979 1071 1028 ,-
1093 956 1245 1038 quodeb-

282 1088 396 1128 sonum.
417 1065 506 1128 Aliud
526 1084 599 1144 ergo
619 1060 701 1123 vides
717 1069 914 1126 ἀνακόλουθον.

246 1194 281 1237 ta
301 1174 449 1236 Videntur
467 1170 667 1256 prohibuisse,
688 1192 724 1230 ue
739 1174 863 1252 pecunia
877 1172 906 1230 in
919 1172 1099 1252 stipendium
1114 1171 1240 1233 militum

281 1303 320 1343 ex
340 1283 454 1343 aerario
475 1279 699 1359 decerneretur,
725 1299 771 1360 ep.
792 1277 1004 1339 DCCCXLlV.
1017 1279 1045 1338 Ῑ.
1060 1279 1098 1338 F.
1116 1279 1243 1341 Gronov.

246 1389 280 1449 13
303 1389 397 1469 llaec,
417 1408 493 1469 qnae
515 1386 605 1447 modo
626 1385 759 1446 dicturus
781 1406 846 1445 sum
868 1383 905 1445 de
926 1405 1044 1445 summa
1057 1407 1161 1447 rerum
1182 1391 1243 1448 iuo-

279 1497 337 1579 pia.
359 1495 495 1577 Quarter.

244 1603 281 1681 14
301 1603 360 1663 Gu.
380 1622 437 1663 sec.
464 1613 495 1662 et
521 1600 567 1662 ed.
588 1600 663 1661 Ven.
690 1599 766 1683 1469
792 1622 853 1660 non
880 1613 1044 1682 agnoscunt
1064 1601 1166 1673 H·S.,·
1185 1624 1244 1664 uon

280 1709 375 1788 male,
396 1721 430 1770 ut
449 1708 523 1769 vidit
542 1708 657 1768 Emest.
680 1710 761 1768 Tum
779 1710 924 1791 pecuniae
945 1708 1125 1771 deleverunt
1146 1711 1244 1772 Erne-

278 1821 367 1898 stius,
387 1819 562 1879 auctoritate
583 1816 652 1877 edit.
673 1817 767 1897 1471,
781 1816 995 1894 etSchtitzius,
1015 1816 1100 1898 quod
1121 1817 1192 1879 addi
1215 1824 1243 1880 in

278 1926 335 1988 bac
356 1925 451 1987 forma
465 1946 525 1985 non
540 1924 621 1984 solet.
643 1925 847 1984 Restituerunt
859 1923 1000 2005 Weiske,
1019 1925 1200 2007 Benedictus
1214 1939 1243 1987 et

242 2090 252 2109 ,
280 2034 372 2095 Orell.
394 2034 539 2094 Graevius
557 2034 701 2114 pecuniae
722 2051 806 2092 cccc.

243 2139 279 2203 15
299 2142 489 2202 Recentiores
512 2151 579 2223 post
600 2141 780 2201 Victoriurn:
803 2139 960 2221 Septenum
983 2160 1139 2200 interieram
1167 2158 1243 2203 nuere

278 2249 423 2329 &glanum
442 2249 514 2318 alo,-
537 2247 628 2328 Hire,
649 2258 721 2307 teste
742 2247 888 2323 Graevio,
913 2260 1022 2329 septem
1042 2270 1121 2308 nune
1141 2271 1243 2309 ηιιηιι·

277 2376 343 2416 rum
363 2356 383 2416 l.
403 2376 433 2416 a.
455 2354 516 2415 Sed
535 2376 613 2415 manc
627 2365 671 2416 est
685 2353 929 2437 expungendum,
949 2357 1020 2436 quia
1034 2355 1119 2416 abest
1133 2378 1152 2416 a
1167 2357 1244 2417 mul·

278 2464 314 2525 tis
334 2483 399 2524 mss.
422 2473 450 2522 et
472 2460 539 2522 edd.
561 2484 622 2545 pn,
643 2473 673 2522 et
693 2473 857 2522 assumtum
879 2474 923 2522 est
942 2462 981 2522 ab
1003 2462 1107 2523 ultima
1129 2464 1241 2540 syllaba

277 2585 325 2634 τοῦ
346 2591 506 2630 nanterum.
534 2570 637 2628 Restat
658 2571 748 2651 igitur
768 2584 876 2651 septem
902 2591 1052 2630 numerum
1079 2571 1244 2652 legionum

275 2698 353 2757 qnae
374 2677 468 2736 forma
483 2697 576 2756 quum
591 2674 680 2734 latina
695 2697 753 2735 non
769 2679 820 2755 sit,
839 2678 983 2748 Graevius
999 2679 1119 2760 corrigit
1132 2694 1243 2762 septem

274 2804 410 2843 nunteros
438 2784 598 2861 legionum,
624 2795 658 2842 ut
677 2785 792 2842 reuereri
811 2787 869 2845 sint
889 2785 1035 2845 cohortes.
1056 2786 1174 2847 Verum
1196 2786 1245 2846 di«

244 2950 249 2959 ,
275 2889 402 2950 cendum
432 2889 534 2949 saltem
561 2901 625 2950 erat
648 2904 757 2972 septem
781 2914 918 2952 reinnerus
943 2895 1085 2973 {egicane
1114 2906 1148 2954 ut
1169 2897 1241 2955 Tar.

275 2996 349 3058 llist.
371 2999 400 3074 l,
421 2995 475 3078 87,
491 3008 520 3057 et
534 3001 574 3057 sic
595 2999 680 3056 nimis
694 3018 805 3080 paucos
819 2999 970 3061 habuisset
991 3001 1111 3082 milites,
1133 3015 1169 3062 ut
1190 3004 1242 3065 oli·

274 3116 370 3164 servat
391 3105 500 3181 Orell,
520 3106 604 3165 cuius
626 3107 714 3164 etiam
737 3110 949 3167 correctionem
965 3128 1034 3167 sanc
1053 3107 1242 3190 probabilem

275 3211 391 3271 exhibui
413 3234 451 3272 ox
470 3212 602 3273 eiusdem
618 3211 686 3273 edit.
702 3217 834 3273 omnium
856 3236 924 3296 opp.
947 3215 1006 3274 Cic.
1030 3217 1134 3275 Turici
1156 3215 1240 3299 1829.

239 3317 274 3379 16
294 3321 411 3379 Novum
432 3320 490 3380 boc
511 3323 642 3380 omnino.
665 3321 759 3380 Crassi
782 3321 902 3404 quidem
926 3321 1078 3381 thesauros
1101 3326 1241 3405 coguovi-

272 3449 339 3486 mus
362 3428 484 3502 (Parad.
507 3429 532 3489 V
537 3430 564 3504 l,
591 3429 639 3510 1),
660 3449 719 3488 uon
742 3432 810 3488 item
825 3430 975 3489 Varronis,
999 3431 1102 3509 ltaque
1126 3430 1172 3489 vel
1195 3435 1241 3490 in-

272 3535 450 3614 telligendus
471 3535 553 3595 locus
575 3558 643 3596 cum
665 3536 807 3597 allusione
829 3537 866 3596 ad
889 3537 1011 3611 librum,
1032 3558 1122 3618 (piem
1139 3537 1243 3596 l'arro

272 3641 416 3723 inscripsit
435 3652 498 3726 περὶ
515 3652 648 3724 πλούτου,
666 3656 699 3704 ut
720 3658 822 3706 monet
836 3646 1002 3724 Corradus,
1023 3645 1069 3706 vel
1084 3649 1241 3727 corrigen-

273 3746 344 3805 dum
359 3749 493 3819 srarour's,
515 3753 575 3810 sire
588 3752 708 3812 baronis
730 3755 793 3836 (cp.
815 3752 1116 3835 CXCVlll‚u.17),
1139 3765 1170 3814 et
1193 3757 1240 3812 in-

272 3852 445 3936 telligendus
459 3858 603 3918 Antonius
623 3859 716 3941 (Phil.
739 3862 780 3937 ll,
806 3863 856 3944 14,
878 3883 934 3944 27,
957 3860 1031 3942 37),
1046 3871 1080 3920 ut
1095 3860 1160 3921 vult
1175 3861 1240 3920 sta-

270 3965 378 4022 uutius.
399 3964 468 4025 lllox
489 3964 556 4025 cdd.
578 3988 621 4049 pr.
645 3981 673 4028 et
695 3969 782 4031 codd.
804 3969 916 4050 aliquot
938 3991 1005 4027 cum
1028 3966 1135 4028 Lamb.
1151 3972 1240 4029 susti-
