2624 4830
255 414 329 508 416
624 404 884 487 rnnornrionrs
1232 514 1236 521 Ι

255 543 276 607 8
297 542 332 604 ld
352 553 411 620 est,
436 561 493 623 pro
518 537 643 616 iudicio,
670 560 731 620 quo
757 538 865 621 pollesg
892 550 927 600 ut
952 559 998 621 ep.
1024 538 1198 621 CLXXXI,
1224 564 1253 617 1,

296 651 418 730 aliisque
438 647 544 708 mullis.

254 780 277 844 9
295 759 422 820 Antonio
443 766 474 816 et
494 751 663 834 Dolabella,
684 773 761 812 anuo
782 774 846 835 sup.
867 763 897 814 et
917 755 1013 813 statim
1033 765 1102 837 post
1120 754 1254 815 Caesaris

294 876 430 925 mortem.
456 862 529 921 Mox
550 861 629 920 lllon.
651 872 681 920 et
701 860 806 920 Lamb.
832 881 995 941 numquam
1014 862 1105 944 affuit
1124 861 1253 922 scriben-

294 971 353 1041 do‚·
374 973 514 1029 nimirum
536 970 618 1026 utin
639 989 685 1048 ep.
701 966 866 1048 CCXXlll,
887 967 905 1026 3
928 967 1080 1028 scribendo
1094 966 1254 1049 affuerunt.

294 1077 371 1138 Vide
393 1087 453 1136 not
480 1096 512 1154 ¹7
535 1074 582 1134 ad.
604 1095 649 1156 ep.
672 1075 860 1134 CDLXXlll.
887 1075 1084 1153 Quintillum
1106 1096 1252 1158 umquam

294 1185 349 1246 SC.
371 1188 479 1266 scripto
500 1194 530 1243 et
550 1184 714 1263 praesentia
736 1180 929 1253 confirmavit.

258 1315 294 1356 ιο
314 1292 424 1352 Confer
444 1313 489 1372 ep.
511 1290 632 1348 DCCXl
655 1292 731 1348 circa
753 1289 830 1348 med.

257 1419 289 1460 ιι
314 1400 480 1480 Sempronii
501 1418 588 1456 causo
603 1395 689 1456 lacto.
711 1396 821 1456 Confer
833 1417 879 1478 ep.
893 1394 1074 1476 Deccxn,
1089 1416 1117 1456 a.
1132 1396 1252 1458 &lirim

257 1525 292 1567 ιι
315 1505 397 1565 Haec
417 1515 460 1563 est
486 1502 572 1562 lectio
598 1506 730 1561 omnium
757 1503 820 1563 fere
845 1502 932 1562 codd.
958 1513 988 1563 ol
1013 1502 1082 1562 edd.
1108 1524 1156 1585 pr.
1182 1524 1253 1564 cum

292 1610 447 1672 Lambino.
469 1610 569 1689 Vulgo
589 1609 710 1690 quiclrm
731 1623 791 1669 tum
802 1610 871 1691 firi,
891 1610 986 1692 deque
1004 1631 1049 1670 eo.
1070 1611 1114 1670 Ne
1135 1611 1252 1672 Romae

291 1717 412 1800 quidem
432 1718 489 1777 fnit
511 1720 631 1796 Cicero,
658 1717 815 1778 Graeciam
835 1722 983 1800 cogitaram
1003 1717 1072 1779 vide
1093 1718 1251 1802 epistolam

288 1825 472 1908 Deccxn,
492 1845 520 1885 2.

254 1932 289 1995 ιδ
311 1932 383 1994 Cotl
405 1934 474 1994 Rec.
496 1934 574 1993 hanc
594 1953 699 1993 oseam.

701 2090 727 2145 θ

654 2253 837 2316 ncccvln.
896 2255 898 2260 ’

251 2487 262 2529 ι
287 2466 441 2529 schanius
462 2489 499 2529 ex
520 2471 688 2529 coniectura
708 2469 835 2529 Manulii
860 2469 953 2542 Titio,·
979 2469 1085 2530 melius
1105 2472 1248 2557 fortasse,

285 2579 426 2658 quoniam
447 2597 493 2658 ep.
516 2577 725 2635 CDLXXXlV
745 2581 806 2637 init.
825 2578 918 2637 Titius
937 2577 1042 2638 Strabo
1057 2584 1248 2665 nominatum

284 2682 390 2742 Tidins
411 2695 511 2743 autem
532 2683 613 2743 nullo
635 2685 709 2762 alio,
730 2684 812 2766 quod
833 2689 938 2765 sciam,
961 2700 1147 2748 memoratur
1169 2690 1246 2752 loco.

243 2809 263 2850 2
283 2790 354 2849 Duo
374 2789 482 2850 Ambb.
501 2790 649 2871 prosterno
668 2806 719 2851 erl.

243 2895 262 2955 3
283 2896 360 2956 Edd.
382 2897 436 2956 Ro.
459 2908 489 2957 et
509 2900 583 2957 lens.
605 2901 682 2959 etin
702 2901 803 2961 Bruto.
916 2934 918 2939 ·

241 3003 263 3080 4
281 3005 352 3064 Duo
373 3003 480 3064 Ambb.
502 3018 532 3065 et
553 3006 619 3066 edd.
641 3029 686 3089 pr.
708 3007 843 3070 deducta.

241 3109 263 3172 5
283 3111 342 3171 Gu.
368 3134 397 3193 ι,
417 3124 476 3173 tres
497 3113 604 3174 Ambb.
627 3127 656 3174 et
677 3115 744 3175 edd.
759 3139 803 3198 pr.
825 3117 879 3178 Sin
893 3120 937 3199 (q.
958 3117 988 3177 d.
1010 3140 1037 3178 ο.
1057 3122 1104 3195 a.)
1118 3140 1246 3201 oppres·

282 3241 332 3278 sus
354 3221 395 3279 ibi
413 3225 483 3291 erin·
503 3223 585 3304 quod
607 3234 650 3282 est
671 3246 689 3283 a
710 3223 878 3304 glossatore.

240 3323 261 3388 6
281 3328 427 3388 Graevius
448 3334 535 3389 tacite
555 3333 651 3391 omisit
665 3345 715 3390 est.
736 3332 888 3392 Erneslius
903 3331 1069 3414 corrigebat
1081 3336 1156 3404 cml,-
1179 3336 1246 3395 vul-

281 3447 383 3517 gatum
404 3451 446 3497 est
467 3460 528 3498 rem
551 3438 607 3498 snb
629 3439 720 3499 oculis
740 3443 837 3523 ponit,
859 3452 888 3500 el
909 3443 1138 3523 praesentiorem
1165 3443 1244 3503 lacit.

242 3543 377 3618 7Nostri
397 3565 500 3604 omnes
527 3559 557 3607 et
585 3547 652 3608 edd.
677 3569 721 3630 pr.
748 3549 989 3630 recuperandam.
1019 3548 1129 3610 Confer
1158 3553 1245 3632 epist.

279 3648 425 3708 DCCClll
447 3649 498 3712 sm.
