2624 4830
236 416 308 512 334
613 441 783 492 rrtsrosr
807 444 861 492 xx.
1012 445 1041 495 s.
1057 450 1095 501 ιν.
1112 450 1142 498 c.
1159 461 1207 512 μ.

370 667 424 722 Sor.
441 684 474 722 ex
490 668 579 722 antris
597 669 627 722 t.
646 668 679 721 V.
697 669 726 722 C.
746 668 852 737 DCCX‚
871 670 932 724 nst.
950 671 1089 742 Quintilib.

520 867 673 933 BRVTVS
699 866 888 934 CICERONI
912 869 943 933 S.

278 1057 333 1130 De
358 1056 480 1130 Marco
498 1055 638 1157 Lepido
664 1057 775 1130 vereri
807 1082 864 1130 me
896 1059 991 1158 cogit
1016 1058 1229 1163 reliquorum

232 1182 351 1256 timor:
377 1184 437 1285 qui
462 1183 491 1256 si
517 1183 684 1282 eripuerit
709 1208 746 1255 se
771 1182 873 1257 nobis
899 1185 1020 1287 (quod
1045 1185 1152 1260 velim
1180 1202 1230 1262 te-

229 1334 324 1382 mere
348 1322 453 1411 aque
477 1309 642 1382 iniuriose
669 1308 713 1381 de
737 1307 798 1382 illo
823 1311 991 1410 suspicati
1016 1313 1088 1386 sint
1111 1313 1226 1387 bomi-

228 1447 324 1534 nes),
340 1461 404 1508 oro
421 1449 527 1536 atque
543 1434 693 1509 obsecro
711 1448 763 1535 te,
779 1436 917 1536 Cicero,
933 1439 1227 1514 necessitudinem

226 1574 400 1661 nostram,
416 1574 582 1663 tuamque
598 1563 635 1634 in
654 1587 709 1634 me
733 1560 1008 1651 beniuolentiam
1026 1564 1227 1665 obtestans,

225 1687 354 1760 sororis
381 1713 478 1761 meae
501 1687 630 1763 liberos
648 1686 865 1762 obliviscaris
885 1715 961 1763 csse
977 1691 1106 1791 Lepidi
1123 1692 1230 1786 filios,

224 1791 350 1915 meque
380 1814 433 1888 bis
458 1816 496 1887 in
521 1815 630 1916 patris
663 1813 781 1888 locum
807 1818 1013 1891 successisse
1039 1818 1225 1894 existimes.

222 1939 303 2015 Hoc
327 1941 358 2015 si
382 1969 404 2017 a
429 1956 465 2016 te
484 1943 652 2043 impetro,
676 1941 765 2015 nibil
781 1940 942 2043 proiecto
961 1943 1138 2017 dubitabis
1156 1971 1223 2046 pro

223 2065 278 2143 his
309 2070 493 2171 suscipere.
518 2069 630 2145 Aliter
662 2068 719 2143 alii
753 2095 834 2143 oum
865 2071 936 2144 suis
968 2071 1110 2145 vivunt:
1136 2070 1225 2144 nihil

222 2221 289 2296 ego
314 2221 458 2297 possum
485 2198 524 2270 in
556 2198 685 2271 sororis
719 2221 818 2271 meae
849 2194 967 2270 liberis
992 2196 1125 2298 facere,
1150 2219 1222 2302 quo

221 2323 335 2420 possit
359 2321 488 2424 expleri
513 2321 677 2396 voluntas
707 2349 801 2422 mes,
834 2335 895 2396 aut
926 2323 1091 2397 officium.
1124 2323 1223 2418 Quid

220 2471 306 2521 vero
332 2463 393 2521 aut
425 2448 510 2521 mibi
541 2449 694 2524 tribuere
726 2448 812 2523 boni
842 2463 1011 2550 possunt,
1044 2451 1075 2523 si
1110 2450 1221 2525 modo

221 2573 318 2674 digni
346 2602 481 2674 sumus,
513 2575 639 2677 quibus
672 2575 804 2677 aliquid
836 2577 1023 2650 tribuatur:
1058 2591 1120 2650 aut
1152 2603 1219 2677 ego

220 2703 339 2800 matri,
364 2727 405 2774 ac
431 2703 558 2802 sorori,
577 2702 763 2804 puerisque
782 2703 849 2777 illis
865 2716 1105 2805 praestaturus
1122 2731 1220 2803 sum,

219 2827 248 2900 si
273 2825 360 2898 nihil
386 2825 533 2900 valuerit
564 2825 660 2926 apud
685 2842 737 2928 te,
766 2828 1006 2931 reliquumque
1038 2843 1220 2928 senatum,

218 2968 341 3027 contra
365 2968 502 3055 patrem
530 2954 704 3056 Lepidum
730 2957 857 3029 Brutus
883 2955 1097 3030 avunculus?
1124 2957 1218 3029 Seri·

216 3077 300 3154 bere
317 3080 426 3155 multa
445 3081 491 3155 ad
515 3096 549 3154 te
575 3108 690 3185 neque
716 3108 860 3183 possum
886 3110 969 3184 prae
996 3082 1220 3156 solicitudine

216 3234 258 3283 ac
283 3208 483 3308 stomacho,
507 3235 620 3311 neque
648 3209 772 3282 debeo.
797 3209 904 3309 Nam,
929 3211 1019 3282 siin
1047 3223 1144 3281 tauta
1164 3237 1223 3307 re,

216 3348 357 3438 tamque
389 3339 603 3434 necessaria,
629 3335 744 3409 verbis
777 3334 862 3407 mihi
897 3361 986 3434 opus
1019 3349 1073 3408 est
1106 3335 1153 3407 ad
1181 3350 1215 3408 te

214 3460 438 3536 excitandum
463 3477 500 3535 et
523 3461 816 3537 confirmandum:
841 3461 936 3534 nulla
962 3472 1042 3561 spes
1068 3475 1139 3559 est,
1166 3462 1216 3535 sa·

213 3602 351 3661 uturum
381 3603 414 3662 te
447 3588 544 3690 quod
575 3589 677 3688 volo,
711 3602 746 3660 ct
778 3587 875 3688 quod
907 3601 1057 3687 oportet
1092 3589 1215 3679 Quare

211 3712 286 3786 noli
310 3730 511 3814 exspectare
535 3713 657 3812 longas
682 3740 813 3814 preces.
847 3717 987 3786 Intuere
1021 3713 1213 3812 meipsum,

211 3841 271 3941 qui
303 3839 370 3913 hoc
397 3840 452 3912 vel
477 3870 497 3914 a
523 3842 711 3940 Cicerone,
745 3842 1031 3914 coniunctissimo
1067 3839 1213 3913 homine

210 3966 391 4066 privatim,
417 3967 473 4042 vol
498 3996 518 4043 a
544 3967 736 4066 consulari,
767 3966 827 4040 tali
861 3968 954 4065 viro,
986 3981 1122 4042 remota
1148 3993 1212 4040 ue·
