2624 4830
236 437 306 531 584
599 449 769 505 sorssors
795 455 861 504 vu.
1013 453 1043 502 r.
1061 457 1094 502 v.
1112 456 1140 502 c.
1160 466 1207 516 ,ιο

172 634 176 639 ,
232 575 307 662 ret,
331 561 360 636 si
385 572 508 635 contra
535 557 783 683 proconsulem
808 582 904 629 armo
932 554 1099 629 tulissent.
1130 556 1232 630 Nosti

231 686 429 764 lrourinem:
455 711 580 763 causae
596 710 670 758 non
689 684 809 758 defuit
835 684 1007 756 Dixerunt
1033 685 1139 757 etiam
1166 683 1234 756 alii.

231 814 352 891 Labeo
377 838 462 889 vero
486 827 624 912 noster,
648 837 714 885 neo
739 812 876 911 signum
895 822 994 883 tunm
1012 810 1048 882 in
1066 809 1234 911 epistola,

159 1033 161 1037 Α
232 965 299 1017 nec
325 939 418 1016 diem
443 941 663 1042 appositum,
687 963 753 1012 neo
783 951 819 1010 te
851 938 1030 1038 scripsisse
1064 934 1111 1009 ud
1137 949 1236 1033 tuos,

232 1081 274 1143 ut
289 1067 427 1143 soleres.
453 1067 533 1142 Hoc
550 1091 675 1166 eogere
692 1063 852 1164 volebat,
878 1063 980 1138 falsas
1004 1062 1123 1137 literas
1140 1087 1232 1158 osse,

232 1209 286 1295 et,
301 1196 332 1270 si
348 1195 501 1299 quaeris,
518 1192 702 1295 probabat
718 1191 822 1266 Nunc
840 1204 940 1263 tuum
957 1204 1011 1265 est
1027 1189 1232 1284 consilium,

232 1321 359 1420 Bmte,
383 1321 429 1394 de
453 1334 532 1394 toto
558 1345 684 1418 genere
708 1318 801 1392 belli.
827 1317 944 1392 Video
963 1329 997 1389 te
1014 1315 1157 1390 lenitate
1175 1316 1233 1389 de·

231 1446 370 1547 leotari,
402 1460 439 1521 et
470 1472 551 1518 eum
585 1459 710 1546 putare
742 1438 895 1519 fructum
920 1469 995 1518 esse
1020 1443 1232 1515 maximum:

231 1571 409 1675 praeclare
434 1571 596 1674 quidem,
622 1570 685 1645 sed
711 1569 787 1644 aliis
811 1571 931 1668 rebus,
963 1570 1039 1643 aliis
1065 1571 1232 1669 tempori·

229 1698 315 1799 hus,
337 1696 436 1773 loeus
462 1725 537 1773 esse
562 1696 653 1772 solet
682 1695 856 1800 debetque
882 1696 1095 1771 clementiae.
1117 1695 1232 1807 ‘Nune

231 1804 318 1929 quid
336 1827 466 1926 agitur,
489 1824 617 1900 Brutel
635 1821 793 1924 Templis
810 1821 965 1897 Deorum
982 1792 1232 1896 immortalium

230 1952 391 2029 imminet
414 1953 598 2027 hominum
624 1952 800 2051 egentium
826 1964 863 2024 et
887 1949 1104 2052 perditorum
1130 1976 1233 2050 spes,

230 2102 297 2154 uec
330 2080 516 2182 quicquam
552 2078 647 2152 aliud
680 2078 880 2152 decernitur
916 2076 985 2150 lroc
1016 2075 1131 2174 bello,
1165 2077 1230 2148 nisi

231 2218 350 2280 utrum
369 2207 495 2306 simus,
519 2231 640 2279 necne.
665 2207 731 2280 Cui
749 2206 942 2306 parcimus,
967 2217 1028 2277 aut
1052 2202 1138 2304 quid
1164 2204 1232 2301 agi·

229 2330 330 2406 musi
353 2332 419 2405 His
443 2357 527 2432 orgo
552 2332 784 2430 consulimus,
809 2331 935 2430 quibus
961 2329 1153 2404 victoribus
1172 2355 1231 2404 ve·

229 2456 371 2557 stigium
396 2470 554 2531 nostrum
588 2456 722 2530 nullum
753 2456 987 2559 relinqueturl
1021 2455 1112 2530 Nom
1144 2453 1231 2557 quid

228 2582 375 2657 interest
391 2584 482 2657 inter
497 2582 732 2683 Dolabellam,
758 2595 794 2656 et
818 2582 977 2686 quemvis
994 2583 1230 2656 Antoniorum

231 2708 359 2784 trium?
383 2735 533 2812 quorum
559 2711 588 2783 si
615 2711 670 2782 cui
704 2711 896 2811 parcimus,
929 2710 1008 2784 duri
1040 2710 1166 2783 luimus
1192 2710 1228 2779 in

229 2835 421 2910 Dolabella.
447 2836 545 2909 llaec
571 2850 611 2909 ut
637 2837 685 2909 ita
717 2839 861 2910 sentiret
892 2851 1033 2910 senatus
1059 2835 1230 2936 populus-

230 2988 299 3065 que
323 2964 520 3062 Romanus‚
549 2963 613 3036 etsi
639 2989 696 3036 res
721 2963 797 3063 ipsa
824 2963 989 3063 cogebat,
1015 2978 1133 3036 tamen
1158 2990 1230 3034 rnu-

228 3091 321 3164 xima
348 3114 391 3163 ex
422 3104 522 3192 parte
555 3104 677 3165 nostro
708 3091 854 3163 oonsilio
888 3105 992 3192 atque
1017 3092 1225 3163 auctoritate

228 3217 422 3318 perfectum
448 3231 510 3291 est.
536 3217 591 3291 Tu
617 3218 645 3290 si
672 3217 763 3290 lianc
789 3219 960 3292 rationem
985 3243 1058 3290 non
1080 3215 1228 3317 probas,

228 3356 323 3418 tuam
346 3346 555 3418 sententium
575 3342 776 3442 delendam,
792 3369 865 3417 nou
883 3343 1077 3446 relinquam
1102 3369 1229 3416 meam.

224 3468 348 3572 Neque
373 3470 581 3545 dissolutum
607 3497 627 3544 a
654 3486 688 3544 te
714 3472 902 3572 quicquam
928 3469 1089 3543 homines
1107 3496 1229 3570 exspe-

227 3608 340 3693 ctant,
358 3621 424 3669 neo
442 3596 591 3670 crudele.
618 3597 731 3669 Huius
749 3597 797 3669 rei
815 3596 1012 3670 moderatio
1030 3595 1140 3668 facilis
1157 3610 1229 3693 ost,

225 3732 265 3791 ut
290 3720 327 3791 in
354 3721 460 3794 duces
480 3722 668 3795 vehemens
685 3724 752 3821 sis,
775 3723 812 3794 iu
838 3721 964 3795 milites
981 3721 1141 3795 liberalis.
1168 3720 1228 3793 Ci-

225 3869 388 3919 ceronem
414 3874 545 3948 meum,
571 3850 618 3921 mi
636 3851 761 3946 Brute,
787 3847 891 3921 velim
909 3876 1015 3950 quam
1033 3847 1224 3950 plurimum

227 3984 341 4047 tecum
372 3973 511 4049 liabens.
538 3975 687 4047 Virtutis
722 3971 940 4073 disciplinam
969 3974 1148 4048 meliorum
1174 3999 1228 4045 re-
