2624 4830
468 423 504 467 ru
529 394 709 469 abissotts
1024 401 1094 500 495

102 526 136 586 13
157 525 299 585 Animum
315 527 438 607 opponit
449 523 578 604 iugenio,
591 533 621 583 et
634 525 664 582 in
678 523 733 581 hoc
745 528 929 607 oppositione
942 537 986 586 est
999 548 1097 587 sermo

138 635 177 695 de
189 636 356 717 praeterito.
367 631 445 693 Edd.
455 632 600 713 usquead
612 628 687 692 Vict.
695 633 898 712 probabimus.
909 634 982 694 Mox
992 634 1097 696 Lamb.

137 744 282 823 ingenium
295 755 368 801 certe
382 741 496 801 diutina
509 740 638 802 servitus.
661 739 711 799 Ob
726 744 896 802 servitutem
917 742 973 802 sub
993 743 1099 804 Caesa·

139 873 186 933 re,
207 853 259 931 qui
279 849 424 910 forensem
446 869 583 932 oporam,
604 860 633 909 et
653 851 761 931 ingenii
783 851 939 911 exercendi
953 853 1097 913 rationem

138 959 271 1037 sustulit,
291 978 350 1018 nou
371 962 455 1040 potui
478 960 553 1019 sires
573 959 681 1038 ingenii
703 961 762 1018 mei
783 978 886 1020 omnes
907 980 1037 1020 exerere.

101 1069 137 1143 14
156 1066 235 1126 Edd.
257 1065 362 1125 Lamb.
384 1066 519 1145 Graevii,
538 1065 665 1125 Ernestii
685 1065 831 1127 dilectrm.

101 1173 137 1234 15
157 1176 254 1234 Nostri
274 1185 333 1234 tres
354 1174 388 1233 L.
409 1172 455 1234 vel
476 1174 594 1233 Lucius.
615 1175 766 1235 Manutius
786 1177 896 1256 pariter
920 1196 955 1235 ex
976 1174 1096 1235 duobus

140 1302 206 1343 mss.
227 1283 285 1364 legi
301 1281 419 1342 volebat
439 1281 563 1363 Lucius,
584 1293 618 1342 ut
637 1285 675 1342 sit
694 1281 730 1342 L.
744 1282 883 1361 Figulus,
903 1304 993 1364 quem
1014 1303 1098 1365 proe-

140 1391 248 1450 fectum
270 1393 404 1451 nominat
424 1391 574 1472 Appianas
595 1390 628 1449 Β.
649 1390 711 1450 Civ.
732 1391 787 1473 tV,
806 1412 830 1450 c.
850 1390 900 1451 60.
920 1391 995 1451 Nam
1008 1411 1097 1473 prae-

139 1519 246 1557 nomen
267 1500 396 1579 positum
418 1499 479 1557 sine
500 1500 619 1557 nomine
645 1497 795 1558 interdum
815 1498 957 1580 vidimus,
983 1509 1018 1557 ut
1037 1496 1098 1557 Lu·

138 1605 203 1664 cius
224 1603 262 1665 de
283 1606 378 1664 Lucio
399 1607 571 1687 Torquato,
592 1627 639 1688 ep.
661 1606 820 1683 CCXCIll,
840 1606 869 1681 4.

103 1711 138 1772 16
159 1713 220 1789 Qui
240 1733 334 1794 quum
361 1734 448 1796 saepe
472 1714 640 1791 simularet,
666 1713 741 1774 velle
770 1735 800 1774 sc
827 1714 866 1773 ad
892 1734 973 1773 meas
998 1723 1097 1795 partus

137 1821 277 1898 transire,
298 1819 400 1880 relicto
421 1819 592 1899 Dolabella,
618 1832 648 1880 et
674 1842 777 1881 revera
805 1841 968 1902 numquam
988 1842 1006 1878 a
1026 1840 1098 1904 por·

139 1926 230 1987 tubus
252 1926 424 1989 discederet
447 1928 581 2011 Quarter.
602 1928 767 1989 Probarem
789 1931 956 2010 opinionem
977 1929 1097 1988 Graevii
1162 1933 1169 1945 ’

138 2045 168 2094 et
186 2035 314 2095 Ernestii
336 2039 547 2117 corrigentium
567 2035 744 2119 recedendo,
764 2038 787 2096 si
808 2036 928 2115 Cinam,
948 2057 1008 2096 non
1026 2035 1098 2095 Cas-

137 2145 197 2201 sius
217 2143 405 2225 loqueretur,
433 2155 462 2204 et
483 2146 537 2203 nisi
557 2143 696 2204 decedere
715 2163 771 2225 pro
791 2143 923 2204 recedere
944 2155 973 2203 et
992 2142 1096 2223 fugere

138 2262 213 2310 esset
240 2251 321 2334 apud
348 2252 521 2332 Caesarem,
547 2252 579 2311 B.
601 2252 677 2311 Gall.
699 2252 756 2333 vl,
782 2253 831 2311 13:
858 2252 894 2311 Si
912 2253 966 2334 qui
984 2285 1025 2297 -·
1042 2249 1098 2311 do·

136 2372 212 2418 creto
238 2359 430 2452 (Druidum)
458 2381 518 2420 uon
545 2363 641 2432 stetit,
668 2360 825 2442 sacrificiis
855 2358 1036 2420 interdicunt.
1056 2392 1098 2404 -

140 2468 255 2550 Quibus
276 2469 317 2528 ita
338 2482 382 2528 cst
399 2468 599 2540 interdictum,
622 2468 645 2526 ii
663 2488 783 2529 numero
805 2468 963 2550 impiorum
981 2486 1020 2527 uc
1035 2488 1100 2528 sce·

135 2576 295 2635 lerotomm
315 2577 474 2648 imbertum·
496 2577 534 2635 iis
554 2597 655 2636 omues
675 2574 835 2647 deceduut;
855 2574 914 2635 hoc
933 2576 1099 2650 estruem,

139 2704 191 2743 seu
212 2681 338 2765 fugiunt.
365 2683 422 2745 Ed.
444 2686 499 2745 llo.
521 2695 551 2745 et
572 2685 610 2745 de
629 2686 736 2746 Franc.
763 2704 857 2767 neque
882 2704 1024 2764 umquam
1044 2681 1099 2743 de-

137 2789 286 2860 cedeud03
312 2791 380 2851 vide
407 2793 515 2853 Graes.
541 2793 614 2854 Mox
633 2791 742 2854 Ambb.
768 2803 848 2875 quat
874 2793 946 2853 Rec.
972 2801 1003 2852 et
1029 2789 1096 2851 edd.

139 2920 182 2980 pr.
208 2898 391 2977 Cominium,
414 2912 443 2960 et
463 2922 540 2960 unus
564 2900 702 2961 Coritrrm.

103 3026 137 3085 ¹7
160 3006 215 3066 Cui
242 3010 303 3088 ipse
332 3006 453 3079 Cimber
477 3021 544 3091 post
564 3009 696 3069 Caesaris
716 3019 843 3069 mortem
864 3006 999 3089 praefuit
1025 3003 1098 3066 Cor·

139 3113 205 3172 rad.
219 3114 292 3174 Mox
310 3115 417 3175 ssatus
431 3115 514 3176 dedit
526 3119 641 3198 primus
654 3117 786 3197 Ernest,
804 3118 852 3174 cui
865 3115 943 3175 iavet
956 3112 1043 3174 smb.
1062 3132 1096 3172 ια

140 3242 158 3279 a
183 3242 193 3280 r
218 3242 257 3282 m.
278 3222 361 3282 Libri
381 3222 515 3305 plerique
539 3225 663 3283 tultus.
691 3224 771 3282 Tum
793 3220 880 3282 Amb.
902 3242 920 3281 2
941 3240 1100 3303 compara·

141 3343 227 3389 uerat.
249 3330 373 3391 Inferius
397 3332 535 3390 Tarutius
554 3344 707 3413 precessor,
727 3331 866 3388 nimirum
886 3331 976 3411 ipsius
996 3327 1084 3388 Tillii.

106 3433 141 3497 18
161 3436 283 3498 Lallem.
312 3438 350 3498 de
371 3437 521 3497 Gulielmii
545 3439 713 3497 coniectura
733 3455 877 3496 numeros.
906 3432 966 3495 Sed
991 3434 1100 3496 excidit

140 3546 237 3625 potius
258 3556 328 3604 uota
350 3544 508 3605 numeralis
529 3555 597 3605 ante
617 3565 721 3603 vocem
738 3560 858 3604 numerio
878 3565 905 3602 v.
927 3564 951 3602 c.
971 3539 1100 3612 ΜΜΜς

140 3651 175 3711 cf.
198 3675 243 3735 ep.
265 3653 449 3713 Deccxttt.
473 3653 563 3714 Orcll.

104 3779 141 3841 ¹9
161 3760 194 3819 C.
225 3761 342 3820 Cassius
373 3762 476 3836 Syriae
508 3782 664 3845 procons,
698 3762 783 3822 cuius
817 3772 886 3822 sunt
916 3781 984 3845 epp.
1014 3779 1099 3844 supp.

138 3867 329 3927 DCCXCVll
352 3881 382 3929 et
402 3869 588 3931 Dcccxvt

99 3993 138 4032 20
160 3975 236 4051 Quis
257 3976 316 4036 hoc
338 3976 428 4038 modo
450 3977 577 4040 dixerit?
599 3978 659 4040 Sed
672 3981 753 4042 iurat
767 3981 873 4040 iteruin
889 3998 1024 4057 monera,
1038 3996 1097 4036 uon
