2624 4830
168 434 219 514 70
484 429 657 479 tuterunt
685 428 851 478 mecvm.
950 430 982 478 t.
999 431 1034 478 V.
1050 430 1082 477 G.
1098 442 1144 491 qt·

571 656 793 735 Dcocvlll.
898 699 1145 761 <nn..xu‚.>

168 841 394 922 mamertum.
415 831 450 900 C.
471 838 595 900 'sidium
623 836 805 899 sunnonem
826 836 946 913 iuudats
967 841 997 900 in
1018 840 1122 901 canto
1140 851 1166 901 et

208 947 251 1008 M.
270 946 381 1020 Bruto,
401 948 425 1008 si
445 965 494 1008 res
513 944 554 1007 ud
574 945 724 1008 Mutinam
744 943 825 1006 mule
844 957 982 1027 geratur,
1002 967 1090 1030 spem
1103 967 1165 1008 urn-

206 1074 277 1116 nem
298 1056 344 1119 rei
361 1052 448 1139 pubi.
469 1055 557 1116 sitem
578 1073 642 1114 esse
662 1050 744 1113 dicit

340 1277 395 1330 Sur.
414 1277 507 1330 itunae
524 1277 555 1329 d.
575 1276 608 1328 V.
626 1276 656 1329 C.
675 1274 782 1342 DCCX,
800 1292 886 1329 meuse
905 1275 997 1347 Aprili.

311 1477 354 1542 M.
384 1477 420 1541 T.
451 1474 597 1542 CICERO
628 1478 663 1539 C.
693 1475 832 1541 cessio
864 1477 894 1541 S.
926 1477 961 1553 Ρ,
988 1477 1026 1539 Ι).

188 1643 191 1648 ’
218 1662 290 1758 Qui
314 1674 427 1739 status
451 1687 567 1739 rerum
592 1664 696 1738 suerit
722 1679 817 1765 tum,
840 1691 948 1768 quum
965 1663 1031 1738 has
1052 1663 1164 1739 literas

114 1776 136 1811 ⁵
169 1790 270 1892 dedi,
294 1792 383 1867 scire
406 1792 540 1894 poteris
573 1817 617 1865 ex
640 1792 679 1866 C.
704 1789 842 1866 Tidio¹
870 1789 1062 1891 Strabone,
1093 1792 1165 1865 riro

166 1917 265 1995 bonu
297 1932 335 2005 et
366 1919 499 2021 optime
532 1916 577 1993 de
610 1944 648 1992 re
679 1917 821 2020 publiea
856 1919 1050 1994 sentiente:
1086 1945 1165 1994 nuru

167 2044 256 2149 quid
279 2045 415 2146 diuum,
446 2044 675 2148 cupidissimo
701 2046 769 2145 tui,
795 2045 875 2148 qui,
906 2044 1015 2120 durno
1038 2059 1078 2120 et
1100 2046 1166 2122 ion·

167 2172 261 2245 tuuis
279 2158 440 2273 relictis,
471 2171 518 2248 ad
549 2184 585 2246 te
616 2171 842 2274 potissimum
866 2171 1046 2272 proiectus
1066 2172 1165 2246 snt·

165 2297 291 2398 ltaque
310 2315 391 2371 eum
414 2297 482 2372 tibi
506 2322 552 2372 ne
578 2297 790 2373 commendo
808 2297 960 2401 quidem.
983 2298 1167 2373 Adventus

165 2422 275 2526 ipsius
304 2420 357 2533 ad,
374 2434 410 2498 te
435 2426 519 2498 satis
552 2451 632 2498 eum
666 2422 937 2501 commendabit
972 2424 1028 2499 Tu
1064 2424 1165 2500 velim

166 2546 219 2622 sic
242 2547 417 2643 existimes
436 2548 571 2654 tibique
589 2551 817 2654 persuadeas,
842 2578 947 2628 ornue
972 2552 1165 2655 perfugium

165 2672 344 2750 bonorum
367 2678 406 2750 in
430 2691 466 2751 te
491 2692 528 2752 et
551 2681 690 2754 Brut0³
707 2705 783 2754 esse
808 2681 981 2782 positum,
1004 2681 1055 2781 si,
1071 2679 1166 2783 quod

167 2800 293 2903 nolim,
307 2802 448 2878 edversi
463 2805 552 2908 quid
567 2808 734 2883 evenerit.
750 2809 838 2906 Res,
854 2830 961 2910 quum
977 2806 1067 2881 haee
1083 2809 1168 2883 scri·

166 2926 306 3030 bubum,
320 2943 397 3006 erut
411 2933 449 3006 in
466 2947 661 3008 extremum
678 2933 857 3010 adducent
870 2933 1067 3009 discrimen
1082 2935 1168 3010 Bru·

168 3066 226 3131 tus
248 3058 343 3132 enim
366 3060 524 3135 Mutinae
548 3062 609 3135 vix
628 3063 698 3135 ium
716 3060 919 3136 sustinebat
944 3059 1018 3154 Qui
1035 3062 1065 3134 si
1081 3084 1167 3137 eon·

165 3198 324 3261 serratus
354 3184 434 3288 erit,
458 3188 623 3263 vicimus:
649 3189 704 3263 sin
719 3190 803 3247 --⁸
827 3186 946 3291 (quod
975 3186 1038 3262 Dii
1061 3211 1165 3263 omen

165 3319 383 3414 avertenti),
415 3315 529 3390 omnis
563 3315 727 3391 omniunr'
747 3342 868 3391 cursus
900 3317 984 3389 est⁶
1012 3314 1060 3389 ud
1091 3339 1167 3391 vus

161 3434 316 3513 Proinde
342 3439 397 3516 fue
423 3442 580 3516 unimmn
605 3455 744 3516 tuntum
778 3440 926 3541 habeus,
958 3452 1166 3542 tantumque

160 3578 390 3664 apparatum,
426 3582 560 3670 quantu
590 3588 684 3671 opus
708 3567 836 3644 estad
860 3567 1061 3645 universam
1091 3593 1166 3643 rem

160 3685 336 3785 publicum
362 3693 630 3797 reciperandum
650 3717 674 3769 r.
700 3694 800 3770 Vule.
