2624 4830
477 413 511 459 ur
538 413 720 461 arrsroms
1018 394 1115 494 475<

131 513 254 575 Rhodiis
275 513 508 595 magistratibuS,
530 525 564 573 ut
584 516 711 596 spatium
731 514 905 575 Dolabellae
927 516 1029 598 legatis
1050 518 1089 578 ad

132 621 306 705 fugiendum
328 620 457 683 daretur.
482 621 583 703 erart.
844 601 845 604 Ἴ

91 752 130 789 22
152 733 201 789 Sic
214 730 366 790 Ernestius
389 751 424 788 ex
446 728 491 788 ed.
511 730 613 807 Rom„
633 731 674 789 sic
692 741 723 811 et
736 730 821 791 Amb.
842 731 884 789 13.
907 732 1005 814 Vulgo
1018 755 1089 794 con-

131 851 301 898 sumserunt.

92 946 129 1006 23
151 945 229 1005 Edd.
250 945 363 1005 Victor.
378 955 408 1003 et
422 945 528 1004 Graev.
543 942 695 1027 idemque,
709 945 792 1027 quod
804 948 900 1028 ipsum
915 968 970 1028 pro
985 948 1088 1013 tidon-

131 1075 188 1137 que
208 1054 301 1135 accipi
321 1061 426 1135 potest

93 1166 133 1241 24
154 1161 238 1223 Vltro
257 1181 317 1220 non
337 1159 432 1220 licuit:
454 1149 524 1219 nam
543 1159 713 1242 provinciae
734 1158 806 1219 lines
827 1165 988 1243 praeterire
1010 1163 1089 1244 leges

132 1269 282 1330 vetabant
309 1266 425 1329 Mansit.
457 1266 552 1327 codd.
580 1267 747 1350 complures
771 1290 839 1329 cum
867 1270 971 1329 Lamb.
998 1294 1089 1354 usqne

135 1377 268 1456 Sydum:
293 1376 345 1436 sed
368 1398 384 1455 7
408 1387 437 1436 et
463 1374 497 1435 15
518 1398 609 1457 usqne
637 1378 667 1436 in
692 1376 807 1436 Sidam.
834 1378 1015 1459 Pamplsiliae
1038 1400 1089 1439 ur·

130 1483 199 1543 bern
221 1483 277 1542 vid.
299 1504 364 1566 epp.
386 1483 505 1542 CCXlll
526 1483 582 1542 sub
604 1486 680 1561 init,
701 1485 876 1564 CCLXXV,
898 1485 925 1544 3.

95 1592 135 1652 25
156 1593 231 1651 Tres
251 1590 359 1652 Ambb.
381 1602 412 1651 et
432 1590 498 1651 edd.
520 1613 564 1673 pr.
585 1591 706 1671 Syriam
726 1593 959 1675 Aegyptumque.

97 1699 136 1758 26
157 1701 226 1759 Rec.
248 1698 309 1758 Zel.
331 1698 354 1757 B
375 1699 462 1758 Amb.
485 1719 502 1779 7
524 1700 759 1780 sirrgularissinri.
785 1702 864 1759 Tum
892 1700 938 1760 ed.
959 1702 1035 1761 Viet.
1060 1704 1090 1762 in

131 1807 264 1886 Syriam.
332 1848 340 1859 .

93 1936 131 1994 27
153 1913 258 1974 Lamb.
279 1929 306 1975 et
325 1913 525 1995 diligendam,-
548 1925 579 1975 et
599 1913 674 1973 infra
692 1929 720 1975 et
739 1918 782 1976 rei
797 1915 880 1999 publ.

93 2021 132 2084 28
153 2022 202 2082 Sic
222 2025 312 2082 nostri
334 2043 450 2099 omnes,
470 2023 540 2082 Rec.
555 2033 585 2082 et
599 2021 747 2105 edd..pr.‚
774 2022 883 2084 scilieet
901 2045 1090 2107 quacumque

133 2133 195 2208 via,
226 2141 260 2190 ut
286 2130 421 2212 explanat
452 2131 604 2210 Funeius3
631 2151 822 2212 quocumque
853 2131 944 2191 modo
974 2143 1089 2214 potero.

12 2232 15 2237 ’
132 2236 232 2319 Vulgo
252 2237 386 2298 omnibns
407 2257 474 2297 eum
494 2236 665 2297 rationibus.

93 2367 133 2429 29
153 2346 212 2406 Per
232 2345 326 2406 scelus
346 2348 501 2427 pecuniam
526 2345 677 2426 publicam
698 2345 737 2404 ad
757 2344 943 2407 Dolabellam
968 2358 1089 2430 portan-

133 2465 177 2513 tes
197 2475 256 2514 non
276 2453 424 2536 postulati.
445 2451 549 2512 Lamb.
571 2444 745 2513 Scelerate..

93 2561 132 2620 30
153 2561 238 2620 Amb.
265 2582 298 2622 ια
319 2560 567 2642 confirmaverim.

96 2667 130 2727 31
156 2667 229 2728 Hiu
249 2672 364 2728 inverso
379 2669 483 2729 ordine
496 2668 688 2729 voluntarium
703 2669 964 2744 necessariumque.
985 2668 1092 2746 Recte,

133 2777 228 2856 inquit
248 2776 357 2837 Orell.:
378 2776 426 2837 Ex
441 2797 507 2836 mea
520 2776 687 2852 voluntate,
708 2776 840 2837 nondum
855 2797 873 2836 a
888 2776 970 2837 vobis
984 2779 1091 2856 iussus,

133 2883 312 2964 praesidium
334 2889 518 2967 comparavi,
539 2886 621 2968 quod
642 2896 740 2945 tamen
761 2888 957 2945 necessarium
979 2895 1051 2945 erat.

94 2988 132 3049 32
154 2990 265 3051 Victor.
293 2991 427 3061 Lambin.
456 3005 487 3053 et
513 2993 628 3054 Ernest.
658 2993 851 3053 Antiocheam
879 2993 926 3051 hie
953 3003 983 3052 et
1008 2990 1091 3052 inira.

135 3097 220 3179 Quae
241 3099 270 3159 in
291 3099 385 3179 Syria
405 3114 459 3181 est,
481 3112 515 3160 ut
536 3084 600 3161 eam
616 3099 654 3160 ab
669 3100 731 3159 aliis
746 3100 881 3183 pluribus
900 3098 988 3160 huius
1001 3102 1094 3159 nomi·

133 3206 178 3263 uis
205 3205 330 3266 urbibus
356 3210 386 3267 in
414 3208 547 3268 orientali
575 3207 662 3290 plaga
689 3207 890 3287 distingueret.
918 3207 984 3267 lid.
1011 3209 1092 3290 epist.

133 3312 302 3376 DCCXCil.
978 3305 1004 3331 '⁸

94 3417 132 3478 33
154 3421 250 3482 Nostri
272 3421 290 3480 3
313 3434 343 3485 et
367 3421 416 3504 13,
436 3421 496 3482 Zel.
510 3421 535 3481 B
548 3421 701 3505 aegrisque
721 3422 846 3495 relictis3
867 3418 971 3480 Lamb.
985 3416 1093 3500 aegris·

133 3549 191 3610 que
210 3531 411 3614 compluribus
431 3528 548 3592 relictis.
