2624 4830
463 414 500 464 m
524 413 704 464 urimonte
1006 394 1078 487 485

93 518 126 579 18
149 520 229 599 Quia
248 515 339 577 fidem
360 532 444 576 suam
457 516 588 599 Lepidus
601 519 828 599 interposuerat,
848 538 866 576 a
886 516 996 579 Planco
1016 519 1080 581 illos

127 630 271 707 (Legatos
289 625 433 701 Antonii)
453 623 596 685 violatum
623 645 683 685 non
710 626 755 684 iri.
779 624 889 686 Victor.
916 625 993 686 Edd.
1020 650 1081 712 pr.,

128 755 230 794 omnes
248 735 340 793 nostri
354 743 384 792 et
397 730 479 792 alior.
500 731 633 814 plerique
653 729 807 811 dimissos,
827 752 845 793 a
866 735 1012 815 geminata
1025 735 1081 812 syl·

127 842 197 902 laba
214 840 249 900 di
268 840 317 894 τοῡ
335 837 450 921 Lepidi.
472 838 553 898 Tum
573 840 640 898 msti
654 838 766 920 aliquot
782 852 942 901 velaverant
948 865 959 914 ,-
981 841 1081 924 paullo

127 948 311 1029 insolentius,
332 958 406 1008 teste
425 947 570 1009 Ernestio.
591 946 670 1006 lnfra
689 945 794 1007 Lamh.
818 945 850 1008 C.
868 946 1031 1023 Can'ninm,
1045 948 1081 1009 li·

93 1088 96 1093 ·
125 1057 186 1116 bris
206 1056 319 1138 aliquot
338 1053 519 1136 laventibus,
543 1074 673 1136 quorum
694 1053 785 1137 aliqui
813 1057 902 1117 etiam
924 1054 1079 1118 Cannium

90 1187 126 1248 ¹9
147 1164 193 1226 td
211 1162 369 1245 Lepidum.
391 1161 440 1222 Sic
459 1171 539 1222 recte
565 1161 716 1222 Manutius
741 1172 772 1222 et
797 1162 903 1225 Lamb.
924 1185 942 1225 e
962 1164 1081 1226 duobus

127 1293 193 1332 mss.
220 1280 250 1331 et
274 1291 371 1352 nuper
396 1268 551 1329 Sohtttzius
571 1280 602 1329 et
621 1268 713 1329 Orell.
734 1269 834 1352 Vulgo
853 1270 899 1331 ad
916 1292 978 1345 me,
998 1272 1080 1355 quod

127 1390 172 1440 est
197 1380 337 1461 ineptum.
362 1376 514 1437 Ernestius
540 1375 707 1457 corrigebat
726 1374 828 1437 adse.
849 1377 920 1439 Mox
938 1389 1040 1441 noster
1060 1400 1079 1461 7

126 1506 289 1569 receperam
296 1508 307 1557 ,·
329 1482 397 1545 edd.
418 1485 473 1545 Ro.
495 1484 569 1543 lens.
594 1482 686 1544 Scina.
714 1483 929 1566 interceperant.
955 1484 1011 1549 Est
1030 1507 1081 1549 ex.

124 1593 253 1675 planatio
272 1592 414 1672 Magistri.

84 1722 124 1761 ιο
144 1701 204 1761 Pro
225 1699 355 1782 simplice
373 1718 472 1771 omes,
486 1697 517 1758 h.
532 1719 558 1758 e.
572 1701 712 1777 instruas,
726 1697 857 1761 subsidia
870 1699 1080 1763 submittendo.

125 1807 201 1868 Vide
216 1808 402 1867 Gronovium
416 1804 456 1865 ad
468 1806 571 1866 Seneo
584 1828 630 1888 ep.
642 1807 695 1889 24,
708 1802 737 1867 5.
755 1805 877 1881 Caesar,
890 1808 1080 1871 Octavianus.

84 1936 119 1976 ar
142 1915 246 1975 Lamb.
266 1914 414 1976 exercitus
433 1914 496 1973 eius
515 1915 586 1973 mitt.
606 1913 676 1973 Mox
695 1913 793 1995 aginat
807 1915 989 1996 periculum,
1010 1919 1080 1999 quia

123 2034 187 2084 erat
207 2025 233 2082 ei
254 2022 398 2085 Antonius
423 2022 572 2100 inimicus,
600 2030 664 2080 tum
684 2018 725 2080 ob
746 2041 799 2102 ea,
824 2043 901 2102 quae
921 2033 1081 2085 narrantur

124 2150 169 2212 ep.
190 2128 379 2210 DCCLXIV,
398 2138 463 2188 tum
483 2129 640 2189 novissime
660 2126 701 2187 ob
720 2128 867 2210 proelium
885 2129 1061 2192 Mutinense.

83 2256 122 2297 aa
143 2236 256 2296 Perditi
282 2246 313 2297 et
342 2234 474 2295 scelerati
503 2233 657 2315 homines,
690 2237 741 2316 qui
773 2233 933 2317 aliquando
962 2232 1080 2299 venturi

122 2355 207 2406 erant
232 2346 262 2403 in
288 2355 383 2404 eastra
402 2343 540 2426 Antonii,
566 2342 627 2404 huc
651 2363 754 2405 omnes
782 2345 842 2404 iam
868 2353 1078 2407 convenerunt.

65 2511 68 2515 .
122 2453 222 2532 Vulgo
243 2452 299 2512 lior
318 2471 418 2522 omne3
437 2462 590 2535 ἀρχαικῶς.

82 2561 121 2620 23
144 2558 247 2619 Ambr.
268 2581 285 2640 7
307 2572 429 2620 utemur.

82 2667 123 2744 24
142 2666 284 2728 Excitant.
305 2667 408 2745 Quatt.
428 2665 537 2726 Ambb.
558 2686 626 2727 oum
647 2664 715 2729 edd.
735 2667 790 2730 Ro.
811 2666 886 2728 lens.
907 2665 1078 2741 exaudiente

122 2794 283 2858 operarum
302 2773 488 2858 negligentia.

81 2880 122 2943 25
143 2881 257 2943 Officiis
277 2884 349 2944 meis
368 2868 588 2965 praesentibus,
611 2902 688 2965 quae
707 2883 756 2966 pie
775 2883 819 2944 rei
838 2880 921 2966 publ.
935 2880 1079 2966 exhibeo,
1159 2920 1162 2927 ·

121 3000 156 3049 ut
176 2989 356 3067 Quarterius
375 2992 507 3074 exponit.

81 3096 122 3159 26
143 3098 240 3158 Nostri
268 3084 425 3171 Cinamue,
450 3096 611 3170 mmmm,
640 3106 670 3158 et
696 3095 857 3168 cinaeum
883 3095 959 3156 taciti
979 3096 1079 3157 litera·

121 3225 191 3265 rum
210 3208 436 3287 permutatione.
462 3203 608 3271 Οιιὶατοηε
628 3202 787 3285 legendum
807 3212 986 3263 censuerunt
1004 3201 1078 3263 Sea·

122 3311 215 3395 liger,
229 3311 419 3395 Sirmondus‚
431 3310 589 3372 Bimardus
602 3313 631 3370 in
645 3311 799 3370 Muratorii
814 3308 902 3370 Thes.
917 3309 989 3368 Nor.
1003 3308 1078 3370 Inse.

122 3419 159 3478 T.
186 3441 218 3500 ¹3
239 3419 330 3501 idque
350 3440 418 3481 cum
444 3417 604 3478 Benedicta
630 3418 741 3498 recepit
766 3415 883 3476 Schiitr.
903 3412 1004 3495 Vulgo
1028 3411 1080 3475 ci·

121 3545 245 3601 varone,
266 3528 349 3609 quod
369 3532 500 3610 immae
520 3523 651 3585 defendit
669 3525 772 3605 Bouge
788 3521 837 3584 lib.
851 3521 906 3603 lll,
920 3544 945 3584 o.
961 3543 987 3604 7.
1003 3520 1079 3583 ffist.

122 3634 314 3717 Provinciam
334 3648 369 3698 ut
389 3638 425 3697 sit
445 3645 574 3696 omnum
593 3630 761 3694 Sabaudiae
781 3630 820 3694 ad
840 3632 968 3715 Isaram,
987 3627 1078 3712 vulgo

127 3739 241 3804 Civmn.
