2624 4830
251 445 324 527 308
597 467 768 516 zrrsrour
793 469 871 517 ιιιιι.
1029 466 1060 516 a.
1077 468 1114 518 r.
1130 471 1159 518 c.
1177 480 1225 531 ιιι

247 582 351 673 putet
381 567 532 643 decretis
562 568 647 667 tuis,
679 594 783 670 quarn
809 567 908 667 inde,
932 566 959 640 si
986 569 1110 642 consul
1135 571 1246 646 lactus

247 699 307 799 sit,
333 695 590 771 descensurum.
615 694 723 787 Quod
739 695 769 769 si
785 694 977 793 Antonius,
1002 693 1047 767 ab
1073 694 1143 770 alio
1165 697 1244 770 reli·

246 837 342 897 ctum
374 823 471 923 regni
502 823 789 920 instrumentum,
821 822 1041 895 occasionem
1073 821 1242 922 regnandi

245 947 384 1025 habuit:
409 972 562 1051 quonam
580 947 699 1020 animo
716 946 790 1020 sore
815 960 940 1048 putas,
961 947 990 1019 si
1015 948 1107 1048 quis,
1124 963 1242 1024 aucto·

244 1100 299 1174 re,
323 1098 398 1149 non
421 1087 572 1175 tyranno
598 1073 781 1148 interfecto
788 1129 799 1173 ,
823 1073 887 1147 sed
911 1074 992 1173 ipso
1013 1088 1155 1171 senatu,
1179 1100 1242 1174 pu-

244 1213 296 1274 tet
312 1224 351 1274 se
366 1201 511 1302 imperia
529 1199 703 1302 quaelibet
720 1201 967 1300 concupiscere
982 1199 1105 1299 posset
1122 1200 1240 1292 Quare

243 1338 320 1400 tum
344 1338 381 1400 st
404 1325 604 1399 facilitatem
630 1339 665 1398 et
682 1325 941 1426 providentiam
958 1324 1113 1398 laudabo
1127 1339 1240 1424 tuam,

243 1476 350 1559 quum
375 1451 595 1554 exploratum
619 1451 749 1525 habere
774 1477 945 1558 coepero,
970 1452 1156 1524 Caesarem
1175 1450 1239 1525 ho·

240 1575 405 1677 noiibus,
430 1602 518 1680 quos
543 1579 734 1678 acceperit,
760 1578 1040 1655 extraordinariis
1065 1577 1140 1652 lore
1158 1603 1239 1652 cou-

240 1714 386 1780 tentum.
412 1702 555 1779 Alienae
580 1704 702 1803 igitur,
725 1705 877 1806 inquies,
903 1702 1026 1804 culpae
1052 1729 1108 1776 me
1139 1730 1235 1777 reum

240 1825 424 1909 subiiciesl
440 1872 490 1887 --
505 1830 653 1907 Prorsus
677 1829 825 1929 alienae,
851 1831 881 1904 si
905 1829 1082 1931 provideri
1104 1831 1236 1930 potuit,

238 1980 285 2028 ne
309 1954 481 2030 existeret.
507 1956 613 2049 Quod
639 1958 774 2029 utinam
790 1957 985 2057 inspectare
1003 1956 1116 2055 possis
1134 1957 1236 2028 timo·

237 2107 313 2156 rem
331 2080 375 2155 de
392 2080 453 2156 illo
470 2090 604 2158 meum!
631 2083 694 2157 His
711 2082 817 2157 literis
835 2083 987 2182 scriptis,
1006 2095 1041 2154 te
1057 2079 1236 2155 consulem

236 2205 367 2287 luctum
394 2206 602 2288 audivimus.
627 2209 721 2286 Tum
747 2234 831 2284 vero
852 2208 1020 2309 incipiam
1037 2232 1236 2308 proponere
1280 2280 1283 2286 .

235 2328 322 2407 mihi
347 2357 422 2412 tem
445 2332 625 2439 publicam
649 2336 794 2435 iustam,
820 2349 855 2409 et
879 2336 950 2407 iam
974 2335 1044 2407 suis
1065 2334 1233 2406 nitentem

234 2453 386 2558 uiribus,
409 2459 442 2532 si
468 2460 557 2536 istuc
575 2459 707 2539 videro.
732 2461 840 2541 Filius
862 2461 974 2559 valet,
998 2473 1034 2533 et
1059 2461 1095 2532 in
1122 2461 1235 2532 Mace·

237 2578 380 2658 doniam
397 2587 650 2688 cum'equitatu
667 2592 881 2692 praemissus
898 2601 962 2673 est.
979 2585 1101 2662 Idibus
1119 2585 1235 2682 Maiis,

235 2730 278 2781 ex
303 2709 433 2782 castris.

685 2965 784 3040 XIV·
985 3007 1038 3065 (Aa
1054 3006 1116 3051 Brut.
1134 3007 1162 3064 l,
1177 3007 1206 3063 ς)

231 3134 450 3216 Quassatam,
478 3140 511 3203 la.
538 3120 678 3204 Billulurn
701 3155 734 3208 ut
755 3149 784 3208 in
807 3144 920 3207 Pansae
948 3144 1049 3206 locum
1077 3145 1228 3214 norniuct,

271 3255 365 3326 rogat

402 3488 455 3542 Ser.
472 3508 504 3544 ex
524 3491 583 3545 laia
601 3494 630 3547 Δ.
650 3492 682 3546 V.
700 3493 729 3549 C.
747 3493 853 3560 DCCX,
871 3510 957 3547 menso
974 3493 1052 3545 Maio.

515 3663 667 3729 BRVTVS
693 3664 880 3733 CICERONI
904 3668 933 3730 S.

274 3842 405 3917 Lucius
431 3845 576 3923 Bibulus
602 3878 707 3953 quam
732 3881 832 3930 carus
861 3855 945 3927 mihi
972 3879 1046 3927 esse
1080 3850 1224 3942 debeat,

227 3990 332 4044 nemo
351 3968 475 4047 melius
491 3974 647 4052 iudicare
663 3994 797 4082 potest,
824 4007 927 4086 quarn
954 3995 1008 4056 tu:
1036 3981 1134 4054 cuius
1152 3991 1225 4050 tan·
