2624 4830
491 428 661 480 rrisrom
689 428 828 478 occcxv.
937 426 969 475 n
987 427 1023 474 r.
1038 427 1068 477 c
1090 438 1136 489 μ.

564 654 771 733 DCCCXV.
891 695 945 756 (M
959 694 1016 741 m„
1033 695 1081 755 χι,
1098 697 1139 752 n)

164 841 383 921 Arguooeotum.
405 837 465 897 lter
479 836 599 897 Antonii
613 833 652 895 ed
666 831 832 916 Lepidum,
853 831 1041 916 dubiamque
1053 832 1158 894 Planci

70 988 72 993 -
202 944 309 1018 fidem,
328 955 360 1007 et
378 963 465 1017 suum
486 943 518 1003 in
538 961 601 1001 reru
622 937 707 1024 publ.
727 937 862 1001 studium
882 939 1040 1021 signifieat
1074 1030 1082 1048 ι

310 1158 364 1211 Sor.
382 1157 409 1210 in
427 1156 522 1210 tinibus
539 1155 740 1208 Statiellensium
757 1155 788 1207 Δ.
809 1153 843 1208 V.
859 1152 889 1207 C·
904 1153 1016 1221 DCCX,

545 1240 611 1312 prid.
631 1240 698 1292 Nun.
717 1238 779 1291 Mei.

192 1440 231 1504 l).
254 1439 406 1504 BRVTVS
430 1440 513 1503 lttt.
537 1438 621 1503 COS.
646 1438 732 1502 DES.
757 1437 788 1502 S.
813 1437 850 1500 D.
875 1437 918 1501 bl.
942 1435 1133 1504 CICERONI

211 1608 350 1703 Eodem
382 1625 541 1730 exemplo
574 1625 693 1700 literae
726 1652 746 1698 a
779 1638 815 1699 te
847 1623 969 1698 mihi¹
1002 1624 1160 1699 redditae

163 1767 261 1854 sunt,
285 1781 356 1856 quo
381 1755 481 1854 pueri
506 1755 574 1826 mei
600 1750 798 1825 attuleruut.
831 1752 986 1825 Tantum
1011 1779 1070 1826 me
1096 1752 1158 1826 tibi

165 1881 292 1956 debere
309 1881 486 1975 existimo,
512 1892 681 1982 quantum
707 1877 906 1979 persolvere
932 1878 1074 1952 difficile
1099 1894 1160 1954 est.

56 2099 58 2102 y
163 2007 294 2109 Scripsi
320 2008 400 2108 tibi,
426 2033 514 2110 quae
545 2006 603 2079 hic
634 2018 842 2103 gererentur.
876 2006 920 2079 In
949 2006 1075 2079 itinere
1107 2017 1159 2079 est

161 2135 351 2234 Antonius,
376 2132 422 2205 ad
446 2131 620 2232 Lepidum
644 2131 897 2232 proficiscitur,
920 2156 966 2204 ne
992 2131 1037 2205 de
1053 2131 1159 2205 Plan·

163 2275 241 2331 co²
267 2259 408 2361 quidem
441 2284 540 2358 spem
573 2255 688 2330 adbuc
720 2256 864 2357 abiecit,
896 2272 939 2331 ut
968 2283 1013 2332 ex
1036 2257 1160 2332 libellis

162 2383 236 2460 eius
262 2384 508 2483 animadverti,
534 2385 654 2484 quiin
681 2410 736 2456 mo
769 2384 976 2457 inciderunt.
1009 2385 1052 2458 In
1085 2386 1160 2487 qui-

161 2508 238 2588 bus
259 2535 348 2611 quos
377 2507 423 2583 ad
446 2509 624 2607 Asinium,
657 2535 746 2610 quos
779 2509 825 2584 ad
852 2510 1046 2611 Lepidum,
1072 2535 1158 2612 quos

161 2632 209 2708 ed
231 2633 403 2708 Plancum
428 2636 597 2733 mitteret,
622 2634 806 2708 scribebat.
839 2638 917 2735 Ego
944 2650 1063 2709 temen
1088 2661 1159 2710 uon

160 2757 269 2832 habui
293 2758 508 2859 ambiguum,
533 2775 569 2833 et
593 2762 711 2834 statim
737 2761 784 2833 ad
807 2760 979 2843 Plancum
1002 2761 1099 2836 misi:
1126 2775 1161 2835 et

160 2883 271 2960 biduo
298 2885 341 2959 ab
367 2885 632 2988 Allobrogibus,
658 2902 694 2961 et
718 2889 826 2961 totius
847 2887 980 2961 Galliae
997 2888 1159 2987 legatos³

162 3026 344 3114 exspecto,
362 3040 449 3116 quos
467 3017 691 3089 confirmatos
712 3015 855 3088 domum
874 3016 1061 3088 remittam.
1087 3016 1160 3112 Tu,

161 3167 250 3242 quae
278 3141 390 3213 isticl
416 3168 506 3242 opus
531 3157 634 3216 erunt
666 3141 918 3241 administrari,
949 3143 1159 3243 prospicies,

160 3282 202 3341 ut
233 3295 276 3344 ex
309 3283 367 3343 toa
393 3269 592 3370 voluntate,
622 3271 741 3370 reique
773 3268 935 3370 publicae
969 3266 1159 3343 commodo

161 3396 255 3469 liant.
288 3396 546 3471 Malivolentiae
579 3397 761 3470 bominum
788 3399 824 3470 in
849 3422 925 3498 me,
950 3398 979 3469 si
1005 3395 1159 3497 poteris,
1199 3382 1202 3389 ’

161 3544 322 3595 occurres
329 3552 339 3620 5
364 3525 394 3596 si
418 3550 493 3597 non
519 3526 651 3624 poteris
665 3526 691 3624 ⁶,
707 3523 777 3596 boc
801 3521 1046 3622 consolabere,
1063 3519 1157 3624 quod

43 3698 47 3703 -
160 3671 218 3718 me
235 3646 279 3719 de
296 3662 389 3721 statu
407 3676 486 3723 meo
511 3651 615 3724 nullis
641 3650 861 3725 coutumeliis
888 3648 1062 3723 deterrere
1080 3674 1158 3749 pos·

162 3786 251 3845 suut.
276 3773 394 3847 Pridie
419 3776 539 3852 Nonas
555 3779 683 3876 Maias,
708 3806 751 3852 cx
777 3779 914 3877 castris,
929 3760 1068 3851 'fiemus
1085 3775 1157 3849 Sta·

162 3897 377 3973 tiellcnsium.
483 3909 486 3915 “
