2624 4830
488 429 520 475 tn
548 428 729 477 rrrsronts
1036 408 1104 508 407

150 541 239 601 runt,
260 533 309 611 qni
331 549 382 611 spe
407 527 453 588 rel
474 528 595 589 lionoris
615 528 662 590 vel
683 527 832 588 commodi
851 527 933 588 nulls
953 539 1107 609 tenentur,

151 641 169 698 ii
189 656 280 696 novas
300 657 347 696 res
367 656 511 718 quaerere
532 647 757 699 consueverunt
778 632 862 695 Vidit
881 633 1041 699 Manutius.

109 743 129 805 8
151 745 244 826 Pata,
264 745 434 825 servitutem
455 742 494 802 ab
516 744 653 804 Antonio.
673 741 889 814 Perniciosum,
916 741 1044 805 libertati
1065 744 1107 805 rei

151 850 235 934 publ.

109 981 130 1040 9
151 957 247 1018 codd.
266 958 455 1039 aliquantum
479 957 564 1020 nobis
593 957 749 1040 temporis,
767 971 796 1018 et
814 958 915 1039 magni
934 959 1062 1032 loboris,
1082 972 1111 1021 et

150 1066 259 1125 multae
273 1067 422 1146 impensae
442 1085 517 1148 opus
527 1063 606 1146 suit,
627 1064 674 1125 vel
694 1087 771 1148 opus
782 1063 913 1146 suerunt.
927 1065 949 1125 1.
963 1067 1014 1126 Fr.
1029 1067 1109 1127 Gro-

150 1175 254 1235 novius
275 1175 404 1234 correxit
423 1194 461 1235 ex
482 1158 601 1254 ingenio
622 1174 755 1246 laborm,
782 1184 813 1234 et
839 1175 880 1234 sic
900 1195 980 1235 nnnc
1000 1173 1108 1235 editur.
1189 1176 1195 1189 '

151 1284 191 1342 At
217 1280 371 1341 Schttteius
394 1301 432 1342 ex
455 1279 583 1342 Weiskii
614 1283 785 1342 coniectura
810 1281 998 1363 aliquantum
1022 1281 1109 1343 nobis

152 1387 288 1470 temporis
309 1408 383 1472 opus
393 1387 474 1470 sirit,
496 1390 601 1450 ceteris
621 1387 734 1449 deletis.

118 1517 152 1555 ro
171 1496 213 1557 M.
233 1499 395 1557 Antonium
415 1493 569 1577 significat.
667 1579 668 1584 η

116 1624 147 1662 ιι
171 1605 299 1665 Antonio
319 1601 448 1665 conside.
471 1603 585 1666 Manut.
613 1601 694 1664 Tum
715 1601 1025 1687 concessionibusque,
1046 1601 1107 1665 scil.

152 1711 191 1770 ab
211 1712 339 1772 Antonio
359 1731 456 1791 conseq
478 1709 580 1771 confer
600 1732 646 1793 ep.
667 1709 791 1770 Dccxt
811 1713 890 1771 circa
910 1709 988 1772 med.

117 1839 151 1878 ra
172 1818 221 1879 sic
241 1840 310 1879 cum
336 1817 405 1879 edd.
432 1829 503 1879 vett.
529 1817 693 1879 Lambinus
718 1828 748 1877 et
773 1820 967 1898 recentiores,
991 1831 1109 1900 praeter

151 1926 322 1986 Graevium.
353 1924 479 1985 Codices
504 1924 590 1984 multi
616 1945 685 1984 cum
712 1923 820 1985 Graev.
848 1935 879 1984 et
904 1925 1038 1986 Victorio
1057 1925 1109 1986 eti-

151 2032 289 2103 ct'endaes
308 2032 392 2115 quod
411 2032 566 2093 Ernestius
587 2031 738 2115 improbat
757 2030 815 2091 hoc
834 2043 940 2114 pacto,
960 2032 1042 2113 quod
1055 2032 1111 2093 eli-

150 2161 214 2201 cene
239 2150 283 2201 est
308 2139 437 2201 educere
462 2138 508 2216 id,
533 2138 617 2221 quod
641 2140 701 2201 iarn
726 2141 814 2198 inest:
836 2141 929 2200 inesse
949 2160 1020 2199 vero
1041 2160 1111 2223 pro·

150 2249 312 2310 unciarum
340 2247 455 2308 Galliae
481 2245 675 2307 smitimarum
701 2244 989 2307 administratoribus
1014 2245 1109 2308 bonas

149 2355 329 2433 voluntates,
354 2355 453 2415 dicere
473 2374 534 2415 non
561 2351 715 2416 audemus.
739 2354 946 2436 Reliquorum,
966 2352 1110 2437 significat

151 2463 283 2524 Asinium
304 2463 467 2524 Pollionem
491 2462 667 2546 Hispaniae,
687 2475 717 2524 et
736 2461 885 2545 Lepidum
906 2463 1019 2524 Galliae
1032 2457 1108 2522 Nar·

150 2569 287 2631 bonensis
306 2570 567 2632 administratores.

115 2677 150 2736 13
170 2677 280 2760 Malui,
300 2679 411 2761 inquit,
430 2677 531 2762 plures
551 2681 645 2739 socios
665 2678 793 2761 habere,
813 2675 942 2760 indeque
962 2681 1107 2742 minorem

151 2785 270 2854 laudem
291 2785 412 2870 adipisci
433 2789 495 2849 eius
516 2790 674 2869 victoriae,
692 2808 784 2869 quam
799 2808 867 2848 cum
881 2789 982 2870 paucis
995 2787 1108 2870 (loqui-

150 2903 201 2954 tur
225 2894 264 2955 de
283 2895 486 2974 Antonianis),
512 2907 546 2956 ut
569 2899 713 2956 maiorem
741 2895 882 2976 gloriam,
908 2896 1035 2956 sirecte
1060 2916 1107 2956 res

151 3004 297 3083 acuisset,
317 3023 530 3085 consequerer,
551 3006 653 3084 partiri
674 3013 705 3064 et
725 3002 856 3063 dividere
870 3005 1034 3062 victoriam.
1051 3001 1110 3063 Via

151 3123 221 3170 ctor.
243 3109 322 3170 Infra
343 3110 422 3171 idem
435 3111 585 3171 Victorius
606 3122 643 3170 tx
664 3122 806 3191 corrupta
819 3130 892 3170 soce
903 3108 1068 3192 potiremur
1079 3111 1110 3170 in

152 3219 272 3279 vetustis
294 3217 514 3300 exemplaribus
534 3231 652 3299 reperta
673 3219 802 3277 conexit
818 3210 1003 3298 partiremur.
1026 3215 1111 3276 Hane

152 3326 353 3386 coniecturam
385 3323 562 3385 confirmant
591 3324 685 3385 Palat.
712 3331 781 3384 sext.
809 3335 840 3385 ct
866 3323 1010 3406 Hittorp.,
1037 3331 1111 3382 teste

152 3430 324 3493 Gebhardo.
346 3431 522 3493 Guilielmus
543 3431 718 3492 coniiciebat
733 3425 903 3513 potiremur.
926 3426 997 3490 Rec.
1014 3448 1113 3510 pora*

151 3558 267 3609 nemus3
286 3539 354 3600 edd.
375 3559 420 3622 pr.
439 3552 623 3622 pateremur:
646 3537 735 3620 aliqui
757 3541 846 3599 edam
866 3557 1053 3618 pareremus,
1074 3554 1113 3596 ea

152 3649 338 3727 coniectura,
358 3657 432 3707 teste
453 3645 609 3706 Lambiuo.

117 3752 152 3826 ni
175 3753 306 3835 lntellige
320 3755 484 3836 sociorum,
503 3772 564 3814 non
578 3753 680 3838 populi
694 3755 780 3816 Rom.
802 3747 876 3817 Mox
889 3746 976 3815 amb.
995 3750 1032 3815 15
1041 3771 1113 3835 pro·

143 3859 303 3938 semmua.

119 3964 154 4025 15
175 3967 280 4028 Lamb.
303 3979 333 4029 et
352 3970 443 4030 nostri
464 3969 525 4030 diro
547 3961 669 4052 Itaque,
689 3992 758 4031 cum
779 3963 848 4032 edd.
869 3970 924 4031 tto.
946 3978 977 4028 et
996 3968 1070 4028 lens.
