2624 4830
186 462 189 468 .
437 423 483 475 an
509 424 678 478 nrvnasos
982 409 1058 511 679

101 521 121 590 3
156 528 213 588 Nos
232 529 307 608 apud
324 528 450 606 Alyziam
827 526 1041 590 ccnxxxvn

100 621 118 691 4
155 619 238 676 Varie
257 637 318 673 sum
338 616 452 673 affectus
471 616 526 672 tuis
545 615 584 673 tia
812 614 1040 677 CCLXXXVIII

98 706 117 765 5
153 707 239 774 Vide,
258 718 359 783 quanta
379 706 463 762 sitin
481 717 509 761 te
528 704 649 762 suavitas
840 705 1040 764 CCLXXXIX

97 796 117 853 6
154 795 276 851 Tertiam
294 793 331 851 ad
349 805 376 850 te
396 793 468 849 hanc
487 794 567 869 epist.
632 777 635 790 ’
936 795 1039 853 CCXC

98 902 114 962 7
154 883 335 959 Septimum
327 900 382 938 ram
402 881 477 938 diem
497 882 634 958 Corcyrae
654 880 818 939 tenebamur
921 883 1041 941 CCXCI

97 971 115 1029 8
154 972 268 1048 Magnae
288 971 369 1027 nobis
388 982 431 1026 est
449 969 619 1027 solicitudini
892 971 1041 1028 CCCXIII

97 1079 116 1135 9
152 1059 208 1117 Nos
227 1081 242 1116 a
261 1072 304 1128 te,
321 1071 352 1115 ut
370 1058 438 1125 scis,
457 1057 634 1117 discessimus
817 1056 830 1095 ⁸
906 1058 1039 1116 CCXCII

82 1167 116 1204 so
153 1149 213 1224 Ego
230 1168 296 1205 vero
316 1147 398 1223 cupio
417 1159 444 1202 te
464 1145 501 1201 ad
519 1165 601 1202 mcv
792 1203 793 1207 ,
893 1145 1040 1206 DCLXVI
1124 1157 1127 1163 ·

84 1254 113 1292 ιι
155 1237 212 1292 Etsi
232 1236 463 1314 opportunitatem
482 1253 583 1310 operae
601 1246 665 1292 tuae
948 1230 1039 1292 CCCI

83 1342 115 1381 ra
155 1326 219 1396 Quo
238 1326 266 1381 in
286 1324 443 1381 discrimine
461 1334 587 1380 versetur
935 1322 1039 1379 CCCX

83 1411 117 1470 13
155 1413 258 1469 Omnia
277 1435 292 1468 a
311 1425 337 1467 te
357 1411 421 1469 data
439 1409 509 1466 mihi
527 1410 631 1487 putabo
892 1409 1041 1467 DCLXIII

83 1506 116 1573 ¹4
152 1500 320 1558 Menandrus
338 1498 472 1577 postridie
491 1498 528 1556 ad
547 1518 592 1556 me
611 1497 688 1558 venit
892 1494 1040 1558 DCLXIV

82 1589 116 1647 15
152 1590 277 1666 Aegypta
296 1588 332 1643 ad
350 1606 395 1644 me
414 1588 490 1644 venit
908 1584 1040 1647 nchV

84 1678 117 1735 16
155 1669 322 1748 QVINTVS
341 1676 379 1730 Μ.
400 1674 584 1733 CICERONI
596 1676 686 1732 -De
705 1675 821 1742 Tirone,

208 1765 246 1820 mi
265 1765 356 1826 Marce
892 1763 1040 1820 DCLXIX

82 1873 114 1930 17
153 1851 288 1908 TIRONI
305 1881 343 1898 ν-
360 1850 449 1908 Video
468 1850 537 1927 quid
557 1870 633 1927 agas:
654 1863 715 1907 tuas
733 1869 845 1927 quoque
919 1850 1040 1908 DCLXI

83 1941 115 1997 18
154 1940 231 2011 Quid
250 1939 350 2016 igitur?
368 1958 425 1994 non
444 1939 484 1994 sie
503 1938 630 2016 oportet?
879 1937 1040 1999 DCLXVII

63 2040 119 2106 '19
155 2030 291 2104 Exspecto
310 2041 371 2083 tuas
389 2026 484 2082 literas
512 2028 516 2037 '
865 2026 1041 2087 DGLXVIII

81 2138 117 2175 20
155 2116 289 2183 Solicitat,
308 2116 345 2170 ita
364 2115 469 2181 vivam,
488 2133 533 2170 me
553 2126 600 2170 tua
905 2113 1040 2172 DCLXII

80 2225 115 2262 ar
155 2206 249 2276 Quum
268 2203 446 2260 vehementer
464 2201 622 2275 tabellarios
838 2201 1039 2260 DCCLXXXI

80 2312 115 2350 aa
155 2293 243 2369 Spero
261 2312 302 2350 ex.
313 2292 367 2348 tuis
386 2291 487 2361 literis,
504 2290 557 2346 tibi
575 2290 675 2347 melius
687 2308 754 2347 -esse
932 2288 1038 2348 1>ch

81 2380 117 2438 23
156 2378 200 2436 Tu
219 2400 285 2437 vero
305 2379 409 2436 confice
427 2379 628 2456 professionem
890 2373 1038 2438 DCXCVI

81 2477 117 2541 24
155 2469 213 2525 Etsi
231 2488 312 2524 mane
330 2468 483 2544 Harpalum
501 2469 631 2526 miseram
915 2468 1040 2525 DCCIII

81 2557 117 2614 25
155 2558 213 2613 Etsi
231 2559 302 2613 iusta
322 2569 349 2613 et
368 2557 468 2612 idonea
825 2553 1040 2612 DCCLXXXII

81 2646 118 2702 26
154 2644 307 2703 verberavi
326 2658 353 2701 te
372 2643 546 2722 cogitationis
884 2643 1039 2702 ncchv

82 2751 117 2810 27
155 2732 299 2792 Mirificam
318 2733 388 2790 mihi
407 2733 626 2790 verberationem
854 2730 1039 2790 DCCLXXX

231 2992 469 3050 EPISTULAIIVM
487 2999 531 3049 In
550 2994 704 3049 ATTICVN
721 2995 808 3048 LIBIII
825 2997 893 3048 XVI

497 3162 577 3221 an
596 3165 618 3220 1.

103 3356 113 3397 1
154 3339 297 3397 Petitionis
316 3351 436 3407 nostrae,
456 3359 540 3416 quam
951 3373 952 3376 =
1012 3332 1040 3395 X

99 3448 115 3486 2
154 3428 187 3485 L.
207 3429 279 3486 Iulio
298 3428 417 3485 Caesare
998 3427 1040 3483 xl

98 3513 116 3575 3
154 3518 252 3598 Asiam
271 3530 348 3573 tuam
367 3517 436 3573 scito
970 3510 1041 3576 VIII

100 3610 118 3677 4
155 3584 276 3663 Crebros
294 3605 513 3681 exspectationes
1000 3605 1042 3661 III

98 3692 116 3750 5
155 3696 297 3766 Quantum
316 3694 439 3750 dolorem
459 3695 628 3771 acceperIm‚
645 3707 674 3754 et
692 3705 813 3774 quanto
810 3694 906 3755 tmen
1026 3695 1043 3749 1

98 3778 117 3838 6
154 3783 216 3839 Non
235 3784 403 3840 committam
421 3782 539 3860 posthac
1013 3768 1043 3838 II

99 3886 115 3946 7
153 3869 238 3948 Apud
257 3886 373 3930 matrem
392 3884 465 3929 recto
485 3884 527 3928 eat
998 3870 1043 3925 III

100 3957 118 4013 8
155 3961 239 4037 Apud
257 3975 284 4020 te
303 3974 362 4029 est,
378 3974 409 4018 nt
427 3959 557 4020 volumus
805 3970 808 3975 '
1000 3958 1042 4015 IV
