2624 4830
244 415 316 509 384
589 433 759 484 rersroua
788 435 883 483 xxvi.
1020 434 1050 484 a.
1067 437 1103 485 v.
1120 438 1150 486 n
1168 450 1215 500 n·

242 537 369 640 opibus
397 535 560 610 extulisti.
586 536 686 629 Quae
712 535 777 609 tibi
800 559 874 608 non
905 549 1003 635 ante,
1036 563 1143 639 qnam
1174 564 1240 640 po-

241 661 406 759 stulares;
432 663 583 761 maiora,
607 687 712 765 qnam
738 659 859 760 velles;
885 660 1003 762 plura,
1028 689 1135 765 quam
1159 691 1239 766 ape·

241 814 354 888 rores,
378 782 506 867 detulit
531 786 694 863 senatusl
723 787 832 861 Dedit
856 786 983 888 fasces,
1008 802 1047 862 ut
1071 814 1153 864 cnm
1178 816 1240 867 au·

241 916 403 988 ctoritate
428 913 645 991 defensorem
670 912 831 1013 haberet,
862 913 936 987 noir
961 929 1000 988 ut
1024 915 1175 1016 imperio
1201 943 1241 991 se

237 1038 427 1115 'adversum
461 1053 618 1114 armaret
642 1039 847 1139 Appellavit
877 1041 1143 1142 imperatorem,
1174 1041 1240 1118 hn-

243 1166 349 1240 stium
374 1168 524 1240 exercitu
551 1164 671 1266 pulsu,
703 1164 859 1239 tribuens
886 1165 1075 1268 honorem,
1099 1141 1173 1241 non
1198 1181 1239 1241 ut

243 1316 305 1366 sna
331 1291 438 1364 caede
462 1318 582 1364 caesus
607 1291 663 1364 ille
688 1291 823 1390 fugiens
854 1295 1024 1366 exercitus
1057 1306 1092 1366 te
1124 1295 1239 1368 nomi-

242 1430 343 1490 naret
367 1417 621 1521 imperatorem.
647 1418 813 1490 Decrevit
838 1418 875 1489 in
900 1418 976 1491 foro
993 1430 1161 1517 statuam,
1186 1419 1239 1493 lo·

241 1568 323 1616 cum
347 1545 384 1614 in
410 1555 550 1640 senatu,
573 1568 754 1639 'summum
784 1541 955 1615 honorem
981 1555 1063 1617 ante
1087 1555 1236 1642 tempus.

242 1668 279 1741 Si
304 1667 389 1771 quid
414 1665 508 1741 alind
527 1680 597 1766 est,
622 1667 719 1769 quod
745 1666 819 1741 dari
845 1669 975 1768 possit⁷
998 1667 1114 1742 addat
1141 1667 1238 1762 Quid

242 1792 338 1868 aliud
362 1807 415 1868 est
442 1794 571 1892 maius,
602 1792 699 1895 quod
725 1792 810 1866 velis
846 1792 1000 1867 sumeref
1031 1794 1093 1866 Sin
1119 1809 1238 1868 autem

241 1946 347 2021 supra
364 1934 532 2020 aetatem,
556 1946 661 2020 supra
680 1919 987 2020 consuetudinem,
1008 1946 1113 2020 supra
1130 1923 1237 1997 etiam

242 2045 490 2122 mortalitatem
518 2059 614 2119 tuam
647 2045 714 2119 tibi
737 2061 820 2119 sunt
852 2047 969 2119 omnia
1002 2045 1148 2120 tributu:
1174 2073 1237 2121 cur

241 2187 303 2248 ant
326 2176 481 2273 ingratus
498 2172 699 2272 crudeliter,
723 2185 784 2245 aut
800 2173 984 2245 immemor
1005 2160 1165 2246 beneficii
1182 2175 1238 2247 sui

241 2298 404 2373 scelerate
422 2298 674 2372 circumscribis
692 2298 873 2371 senatum?
898 2299 980 2389 Quo
1008 2312 1040 2371 te
1058 2300 1237 2373 misimusl

241 2422 403 2526 aquibus
428 2422 633 2502 reverteris?
658 2437 780 2499 contra
798 2448 886 2526 quos
903 2423 1133 2498 armavimusl
1150 2425 1237 2518 Qui-

238 2548 305 2622 bus
331 2576 425 2623 arma
450 2551 581 2648 cogitas
607 2548 753 2622 inferre?
779 2576 798 2622 a
825 2549 950 2652 quibus
968 2552 1156 2623 exercitum
1176 2549 1236 2622 ab·

241 2674 361 2749 ducisl
387 2692 422 2751 et
447 2702 535 2776 quos
560 2676 725 2749 adversus
752 2677 861 2749 aciem
886 2676 1011 2750 struisl
1036 2676 1237 2750 Curlrostis

239 2800 466 2901 relinquitnrl
491 2802 576 2874 civis
602 2800 712 2874 bostis
739 2801 818 2875 loco
845 2800 1007 2902 poniturf
1033 2830 1095 2875 cur
1121 2816 1236 2874 castra

240 2927 358 3000 medio
389 2927 514 2999 itinere
548 2926 684 3025 longius
717 2926 994 3001 adversariorum
1027 2928 1168 3025 castris,
1198 2941 1235 3000 et

239 3054 384 3154 propius
416 3053 537 3125 urbem
570 3053 776 3126 moventur?
809 3055 844 3125 Ο
877 3079 931 3126 me
965 3079 1148 3152 nunqnam
1176 3079 1233 3124 sa-

238 3179 413 3280 pientem,
434 3193 470 3252 et
492 3178 679 3281 aliquando
696 3180 754 3279 id,
770 3178 866 3282 qnod
882 3205 955 3252 non
972 3206 1083 3277 eram,
1107 3179 1234 3252 frustra

239 3305 485 3380 existimatum!
509 3320 678 3407 quantum
696 3319 745 3405 te,
769 3304 901 3409 popule
918 3307 1089 3403 Romane,
1115 3303 1158 3376 de
1177 3330 1237 3376 me

237 3430 357 3505 fefellit
381 3431 525 3531 opiniol
551 3433 582 3504 O
608 3457 720 3506 meam
748 3431 984 3508 calamitosam
1003 3456 1043 3503 ac
1061 3428 1234 3530 praecipi·

237 3569 309 3630 tem
344 3565 582 3632 senectutem!
614 3557 647 3628 0
680 3571 818 3658 turpem
851 3570 972 3630 exacta
1008 3556 1234 3657 dementique

237 3695 351 3754 aetate
384 3683 564 3756 canitiem!
599 3710 663 3782 ego
693 3698 809 3785 patres
835 3684 1053 3783 conscriptos
1081 3682 1126 3755 ad
1151 3709 1232 3784 par·

236 3806 395 3881 ricidium
428 3808 566 3881 induxi:
599 3837 664 3907 ego
697 3838 768 3886 rem
802 3809 978 3908 publicam
1011 3807 1130 3882 fefelli:
1163 3834 1230 3904 ego

236 3933 310 4032 ipse
335 3948 492 4008 senatum
519 3935 584 4009 sibi
611 3964 732 4012 munus
758 3937 878 4012 afluere
904 3938 1021 4035 coegi,
1046 3960 1154 4037 quum
1180 3948 1234 4030 te,
