2624 4830
280 408 345 506 174
569 424 736 474 eersrouc
763 427 960 475 ccccxxxix.
1041 429 1071 477 a.
1092 431 1124 479 v.
1144 435 1173 481 c.
1193 446 1238 496 ,ιο

443 654 497 705 sa.
517 654 609 705 nomae
628 656 658 704 a
678 643 709 704 v.
725 649 760 706 c,
776 645 882 720 cccx,
898 642 936 704 lu
956 654 1014 707 sar.
1032 654 1091 708 iun.

603 835 751 908 CICERO
774 834 932 907 resnou

322 1039 375 1110 lta
399 1049 499 1109 erant
522 1033 656 1132 omnia,
687 1057 776 1135 quac
804 1031 908 1104 istinc
932 1031 1187 1136 afferebantur,
1211 1039 1262 1113 in-

272 1177 386 1262 certa,
410 1175 464 1260 nt,
488 1158 574 1262 quid
594 1157 641 1231 ad
665 1171 701 1230 te
725 1157 930 1258 scriberem,
953 1180 1027 1232 non
1053 1179 1261 1236 occurreret.

274 1289 381 1362 Modo
411 1289 520 1383 enim,
552 1311 640 1387 quae
671 1283 857 1382 vellemus,
889 1284 934 1359 de
966 1287 1127 1388 Lepido,
1155 1291 1261 1363 modo

273 1429 425 1488 contra¹
451 1411 708 1485 nuntiabantur.
746 1413 799 1485 De
831 1425 866 1484 te
899 1426 1018 1486 tamen
1051 1411 1144 1488 fama
1177 1441 1261 1489 con·

271 1555 385 1638 stans,
409 1565 474 1611 nec
492 1538 607 1639 decipi
633 1563 754 1638 posse,
778 1560 843 1611 ncc
869 1539 979 1612 vinci:
1005 1564 1155 1642 quorum
1181 1541 1262 1617 alte·

271 1667 372 1739 rius²
405 1664 541 1739 fortuna
575 1677 710 1764 partem
734 1662 842 1736 habet
874 1665 1083 1767 quamdam,
1116 1666 1262 1743 alterum

272 1794 451 1896 proprium
480 1805 534 1864 est
567 1788 772 1890 prudentiae
805 1802 894 1861 tuae.
930 1790 1000 1863 Sed
1032 1795 1154 1894 accepi
1185 1790 1261 1868 lite·

271 1921 358 1993 ras³
384 1947 404 1992 a
430 1917 560 2016 collega
587 1931 665 2017 tuo,
694 1914 793 1988 datas
817 1910 937 1990 Idibus
963 1910 1081 1990 Maiis:
1114 1920 1153 1992 in
1185 1921 1260 2021 qui-

270 2051 336 2125 bus
361 2063 452 2148 crat,
485 2063 519 2122 tc
548 2047 594 2121 cd
618 2072 656 2120 se
680 2046 874 2146 scripsisse,
900 2072 918 2117 a
944 2045 1082 2146 Lepido
1109 2073 1184 2122 uon
1207 2075 1259 2121 rc·

271 2178 342 2276 cipi
365 2177 566 2250 Antonium.
598 2172 709 2267 Quod
740 2173 808 2245 erit
837 2172 982 2268 certius,
1006 2175 1040 2245 si·
1061 2186 1100 2246 tu
1125 2175 1175 2247 cd
1197 2196 1263 2248 noc

268 2300 364 2377 idem
388 2303 580 2400 scripseris:
603 2299 667 2372 sed
692 2299 806 2371 mincis
826 2297 933 2372 audes
953 2298 1098 2372 sonasse
1117 2315 1260 2400 prepter

268 2425 408 2499 inanem
433 2427 597 2498 laetitiam
621 2424 800 2497 literarum
823 2402 1083 2524 superioruml.
1111 2427 1259 2524 veram,

269 2566 309 2625 ut
332 2578 464 2649 errare,
487 2553 536 2624 mi
560 2549 708 2648 Plance,
734 2551 879 2651 potuisti
904 2552 1001 2652 (quis
1026 2553 1121 2624 enim
1150 2552 1191 2625 id
1212 2548 1258 2624 el·

269 2678 446 2780 ingeniti),
470 2679 521 2752 sic
555 2677 670 2778 decipi
703 2691 738 2749 tc
771 2703 843 2749 non
877 2672 1052 2777 potuisse,
1082 2680 1160 2780 quis
1189 2703 1257 2752 non

269 2804 386 2878 videti
411 2805 513 2879 Nunc
540 2830 621 2876 vcro
648 2804 753 2875 etiam
780 2805 849 2874 iam
874 2804 1033 2876 erroris⁵
1060 2830 1165 2878 causa
1181 2803 1257 2878 suls

268 2908 337 3004 lalta
370 2946 430 3005 est.
463 2932 574 3030 Culpa
607 2932 700 3002 enim
732 2929 806 3026 illa,
841 2929 894 3001 bis
919 2931 970 3001 ad
991 2931 1159 3016 curtilem,
1188 2928 1254 3002 vul·

267 3059 340 3157 gari
366 3059 573 3158 reprehensa
603 3055 790 3157 proverbio
823 3070 883 3128 est.
919 3057 998 3153 Sin,
1023 3070 1062 3128 ut
1087 3057 1253 3156 scripsisti

268 3185 314 3256 acl
339 3184 523 3283 collegam,
547 3185 596 3256 ita
622 3209 659 3256 se
685 3209 738 3255 res
769 3181 875 3254 habet
891 3186 917 3279 ⁶,
943 3185 1037 3254 omni
1064 3209 1147 3255 cura
1172 3181 1252 3254 libc-

269 3312 334 3383 rati
359 3338 492 3383 sumus:
526 3336 589 3382 nec
616 3324 732 3381 tamen
765 3310 893 3381 crimus
927 3310 1038 3408 prius,
1071 3335 1176 3410 quam
1207 3309 1251 3380 ita

267 3464 355 3532 csse,
382 3452 418 3509 tu
436 3464 500 3539 nos
518 3437 637 3510 feceris
662 3437 834 3509 certiores.
861 3437 938 3508 Mea
966 3435 1124 3535 quidem,
1148 3449 1187 3507 nt
1210 3431 1252 3506 ad

268 3575 301 3631 te
327 3565 462 3661 saepius
493 3564 634 3661 scripsi,
666 3562 752 3635 haec
785 3562 955 3635 scatentia
989 3575 1057 3633 est:
1083 3563 1154 3652 Qui
1180 3559 1251 3634 reli·

266 3687 364 3786 quias
380 3686 481 3760 huius
499 3686 580 3761 belli
598 3690 828 3789 oppresserit,
852 3715 931 3761 eum
951 3689 1057 3759 totius
1075 3684 1155 3758 belli
1174 3710 1249 3758 con·

266 3808 545 3910 lector·em·lorc3
571 3841 674 3916 quem
700 3829 734 3888 tc
759 3830 795 3888 et
820 3828 908 3915 opto
934 3839 1027 3910 esse,
1051 3827 1088 3886 et
1113 3809 1247 3886 confido

264 3935 424 4013 lutunrm.
458 3939 578 4016 Studia
604 3967 679 4016 mea
704 3966 784 4042 erga
812 3956 863 4037 te,
888 3940 1014 4041 quibus
1040 3953 1134 4013 certe
1160 3934 1246 4010 nulla
