2624 4830
244 435 314 508 362
598 455 770 522 unierunt
798 457 892 504 xrrv.
1019 454 1049 502 ι.
1069 459 1103 505 v.
1123 459 1215 520 nyso

244 584 366 633 omnes
391 559 486 630 Deos
513 580 653 629 aversos
679 583 754 630 esse
781 584 801 629 a
827 555 937 628 salute
963 554 1088 656 populi
1115 559 1240 633 Roma-

243 686 298 784 ni,
322 698 363 756 ut
387 682 556 754 Octavius
582 682 734 757 orandus
751 685 796 757 sit
813 708 878 782 pro
904 680 1015 755 salute
1038 684 1240 786 cuiusquam

244 813 348 911 civis,
373 837 446 884 uon
472 807 587 882 dicam
605 836 670 910 pro
688 809 933 883 liberatoribus
951 807 1045 883 orbis
1063 823 1239 884 terranrm.

242 940 347 1012 Iuvat
380 939 472 1010 enim
506 937 687 1034 magnifice
718 936 830 1038 loqui:
857 951 893 1008 et
918 949 1012 1009 certe
1039 935 1158 1034 decet,
1183 937 1240 1010 ad-

241 1091 362 1139 versus
395 1065 613 1161 ignorantes,
643 1063 729 1164 quid
762 1089 827 1163 pro
858 1087 998 1164 quoque
1027 1063 1240 1161 timendum,

240 1203 301 1263 aut
318 1216 336 1261 a
356 1214 496 1290 quoque
514 1188 705 1287 petendum
724 1189 778 1260 sit.
803 1188 881 1260 Hoc
908 1201 946 1260 ιιι
953 1242 963 1284 ,
980 1187 1119 1286 Cicero,
1137 1214 1240 1288 posse

204 1404 211 1414 ⁸
239 1315 355 1388 fateris
381 1314 586 1411 Octavium,
611 1328 647 1386 et
663 1313 712 1386 illi
731 1317 862 1386 amicus
880 1312 938 1385 esi
964 1326 1043 1412 aut,
1060 1313 1088 1385 si
1112 1339 1168 1386 me
1186 1340 1240 1385 ca·

139 1428 142 1433 ⁸
238 1466 316 1514 rum
341 1437 464 1536 habes,
492 1439 543 1511 vis
569 1440 702 1511 Romae
728 1438 856 1536 videri,
882 1464 1008 1540 quum,
1032 1452 1072 1510 ut
1097 1437 1146 1510 ibi
1164 1464 1238 1511 esse

238 1590 400 1666 possem,
433 1563 733 1637 commendandus
767 1592 878 1664 puero
912 1564 961 1648 itti
994 1564 1140 1638 suerimi
1175 1567 1237 1638 Cui

181 1715 185 1724 ’
240 1689 326 1793 quid
352 1691 423 1788 agis
449 1693 593 1790 gratias,
618 1691 664 1792 si,
689 1704 729 1763 ut
754 1716 820 1764 nos
846 1690 963 1764 salvos
992 1716 1068 1763 esse
1092 1690 1179 1764 velit
1205 1705 1239 1763 et

239 1818 411 1916 patiatur,
435 1816 628 1914 rogandum
656 1816 782 1917 putas?
806 1817 866 1891 An
887 1816 956 1889 hoe
982 1842 1047 1916 pro
1064 1815 1237 1890 beneficio

240 1934 544 2040 est'habeudum,
578 1941 674 2044 quod
707 1969 762 2040 se,
793 1968 899 2043 quam
926 1943 1138 2040 Antonium,
1164 1969 1238 2015 esse

239 2066 416 2168 maluerit,
441 2096 461 2143 a
487 2095 557 2171 qno
583 2071 647 2143 ista
673 2069 826 2170 petenda
852 2067 986 2141 essenti
1004 2069 1148 2141 Vindici
1166 2069 1239 2170 qui·

240 2195 322 2267 dem
340 2194 470 2268 alienae
489 2195 754 2295 dominationis,
770 2221 844 2268 non
861 2196 1007 2293 vicario,
1024 2197 1143 2296 ecquis
1160 2220 1240 2294 snp-

238 2319 364 2422 plicat,
389 2336 428 2393 ut
453 2321 587 2421 optime
613 2322 745 2395 meritis
764 2321 808 2394 de
826 2348 863 2395 re
881 2322 1022 2422 publica
1043 2321 1147 2394 liceat
1165 2347 1238 2394 esse

239 2443 365 2520 salvis?
389 2447 461 2518 Ista
489 2472 573 2519 vero
594 2446 814 2521 imbecsslitas
841 2461 877 2520 et
903 2448 1118 2548 desperatio,
1143 2448 1237 2519 cuius

240 2571 344 2671 eulpa
369 2598 441 2645 non
471 2575 577 2671 magis
603 2576 640 2646 in
667 2589 702 2646 te
726 2574 871 2673 residet,
897 2601 1002 2675 quam
1023 2576 1059 2646 in
1077 2574 1237 2646 omnibus

240 2697 332 2795 aliis,
357 2713 393 2770 et
418 2701 602 2773 Caesarem
635 2702 671 2773 in
706 2702 934 2801 cupiditatem
959 2703 1055 2799 regni
1082 2701 1237 2801 impulit,

239 2837 276 2896 et
306 2825 481 2923 Antonio,
514 2839 598 2924 post
628 2827 807 2901 interitum
840 2828 948 2926 iltius,
981 2830 1168 2928 persuasit,
1199 2839 1238 2897 ut

143 3025 144 3028 ,
239 2950 411 3023 interfecti
438 2942 556 3024 locum
582 2979 756 3056 occupare
773 2969 975 3053 conaretur,
992 2968 1027 3026 et
1043 2979 1138 3026 nunc
1155 2980 1239 3053 pue·

238 3103 315 3150 rum
341 3078 446 3150 istum
473 3078 615 3178 extulit,
639 3095 679 3153 ut
704 3097 741 3153 ιιι
767 3081 956 3178 iudicares,
982 3081 1145 3181 precibus
1162 3105 1236 3152 esse

236 3203 495 3304 impetrandam
524 3205 670 3279 salutem
704 3205 832 3279 talibus
858 3208 958 3305 viris,
983 3204 1237 3279 misericordia·

236 3355 303 3434 que
329 3331 449 3429 nnius,
474 3333 533 3404 vix
559 3333 665 3405 etiarn
689 3358 784 3406 nunu
809 3334 891 3432 viri,
921 3347 1016 3406 tutos
1049 3332 1125 3406 fore
1150 3358 1240 3428 nos,

234 3455 331 3528 haud
363 3457 432 3530 ulla
464 3444 531 3530 alia
565 3484 611 3531 re.
646 3459 754 3550 Quod
787 3461 817 3532 si
848 3461 1025 3533 Romanos
1058 3485 1125 3546 nos
1161 3483 1236 3532 esse

234 3583 532 3680 meminissemus,
562 3610 635 3656 non
661 3585 826 3658 audacius
861 3586 1033 3658 dominari
1067 3597 1237 3685 cuperent

235 3711 404 3805 postremi
433 3709 609 3807 homines,
644 3737 748 3812 quam
780 3713 818 3783 id
849 3738 914 3784 nos
947 3710 1236 3812 prohiberemus:

238 3857 350 3932 neque
375 3837 485 3932 magis
511 3837 664 3908 irritatus
698 3853 789 3910 esset
813 3840 986 3911 Antonius
1012 3863 1121 3935 regno
1148 3840 1235 3911 Cae-

239 3960 341 4058 sarie,
374 3987 478 4061 quam
505 3962 551 4036 ob
582 3962 738 4037 eiusdem
769 3979 919 4038 mortem
953 3965 1146 4037 deterritus
1180 3965 1235 4034 Tu
