2624 4830
269 440 335 511 188
573 458 740 506 caterona
768 460 935 508 ncccrmr.
1046 458 1227 526 tmen·

260 563 365 634 etiam
383 581 477 633 nunc
493 560 726 659 confiderent,
743 586 809 633 nec
823 561 978 660 potuisse
992 560 1121 635 audere
1134 589 1251 664 querna

261 710 365 790 quam
380 685 597 761 Dolabellam
615 685 752 777 bostem
770 686 938 758 iudicare:
952 700 993 758 ut
1012 686 1163 790 denique
1177 715 1252 762 om*

260 813 337 913 nia,
361 837 450 916 quae
467 808 618 912 improbi
636 811 827 910 fingebant,
854 814 961 911 magis
976 835 1058 903 sera
1075 815 1250 888 existima-

260 953 361 1039 rent,
392 963 497 1042 quam
529 963 617 1041 quae
650 963 731 1011 vere
763 936 852 1010 lacta
878 951 997 1037 erant,
1028 949 1065 1012 et
1096 965 1116 1013 a
1148 939 1250 1014 nobis

262 1057 478 1139 docebantur
496 1067 535 1137 ¹⁸.
567 1065 644 1157 Qua
682 1078 798 1137 mente
834 1060 938 1137 etiam
974 1078 1056 1138 ante
1091 1080 1248 1139 nostrum

262 1191 452 1267 adventum
476 1205 559 1292 post
586 1189 754 1263 Trebonii
785 1189 1059 1288 indignissimam
1089 1191 1251 1289 caedem,

262 1332 445 1420 ceteraque
462 1332 516 1391 tot
533 1332 673 1419 tamque
698 1314 825 1390 nefaria
849 1317 1023 1416 facinora,
1044 1317 1148 1391 binae
1167 1345 1248 1419 pro⁴

262 1441 372 1516 lectae
396 1456 495 1516 erant
519 1442 565 1516 ad
588 1442 807 1517 Dolabellam
837 1443 1026 1542 legationes
1050 1469 1189 1541 eomm,
1213 1459 1248 1516 et

262 1569 402 1671 quidem
429 1594 523 1642 novo
541 1568 717 1668 exemplo,
734 1582 856 1643 contra
873 1568 965 1668 leges
981 1570 1154 1670 ipserum,
1171 1595 1249 1669 pro*

261 1693 461 1767 bibentibus
474 1695 528 1791 iis,
546 1695 605 1795 qui
624 1709 696 1767 tum
715 1695 934 1792 magistratus
947 1693 1120 1794 gerebant
1136 1693 1248 1793 llaec,

260 1816 334 1894 sive
360 1819 483 1894 timore
506 1829 565 1911 (ut
591 1817 770 1909 dictitant)
797 1819 840 1893 de
865 1822 968 1918 agris,
993 1842 1081 1923 quos
1106 1815 1143 1893 in
1168 1846 1248 1894 con⁴

260 1942 385 2020 tinenti
409 1940 558 2047 habeut,
582 1941 654 2020 sive
679 1940 811 2045 surore,
835 1941 908 2020 sive
933 1946 1139 2046 impotentia
1163 1971 1248 2046 pau⁴

262 2098 400 2172 corum,
425 2077 484 2177 qui
517 2086 553 2147 et
581 2087 684 2146 antea
717 2074 792 2173 pari
825 2070 1035 2145 contumelia
1052 2072 1155 2145 -viros
1179 2070 1247 2143 cla·

260 2199 414 2272 tissimos
439 2184 643 2298 alleberant,
667 2213 703 2272 et
727 2224 820 2272 nunc
846 2199 1013 2272 maximos
1029 2199 1247 2296 magistratus

262 2338 435 2423 gerentes,
467 2323 563 2399 nullo
588 2325 765 2426 exemplo,
790 2351 903 2429 neque
926 2337 1041 2399 restra
1065 2344 1109 2396 ex
1134 2337 1249 2423 parte,

260 2472 374 2552 neque
398 2463 519 2523 nostro
544 2453 796 2550 praesentium,
824 2473 937 2555 neque
960 2450 1155 2523 imminenti
1179 2449 1247 2522 Ita·

260 2571 327 2647 liae
352 2573 497 2676 urbique
516 2590 655 2648 nostrae
672 2577 826 2677 periculo
844 2579 890 2665 (si
908 2574 964 2650 ille
982 2572 1154 2677 parricida
1170 2597 1246 2647 eum

259 2694 330 2774 suis
354 2697 564 2799 latronibus,
588 2701 751 2802 navibus,
779 2728 821 2776 ex
837 2699 918 2776 Asia
944 2697 1114 2802 Syriaque
1131 2698 1245 2800 expul-

260 2851 333 2924 sus,
356 2823 491 2898 Italiam
517 2822 677 2926 petisset)
703 2828 834 2902 mederi
851 2855 958 2930 quum
975 2823 1073 2900 sacile
1091 2838 1246 2927 possent,

259 2950 446 3026 voluemnt
463 2967 502 3025 ¹9.
528 2951 710 3027 Nonnullis
736 2957 840 3042 etiam
865 2955 931 3054 ipsi
949 2953 1171 3052 magistratus
1188 2976 1244 3024 ve·

260 3076 404 3153 niebant
428 3080 465 3152 in
490 3081 739 3180 suspicionem,
764 3079 951 3153 detinuisse
975 3104 1040 3151 nos
1066 3091 1103 3151 et
1127 3075 1243 3149 demo·

260 3207 327 3282 rati
352 3231 426 3280 esse
445 3222 485 3306 ²⁰,
510 3205 594 3280 dum
619 3207 735 3280 classis
767 3204 967 3280 Dolabellae
1000 3205 1127 3276 certior
1151 3204 1244 3276 fieret

262 3330 306 3404 de
332 3330 484 3406 adventu
510 3348 639 3407 nostro.
672 3335 786 3425 Quam
817 3333 1051 3433 suspicionem
1082 3351 1243 3403 consecu-

260 3469 317 3530 tae
341 3484 395 3532 res
421 3459 553 3561 aliquot
578 3473 760 3533 auxerunt:
786 3460 934 3531 maxime
960 3453 1056 3558 quod
1071 3454 1189 3528 subito
1205 3477 1243 3525 ex

159 3639 162 3647 .
259 3583 367 3682 Lycia
386 3584 461 3656 Sex.
480 3586 609 3659 Marius
627 3600 662 3659 et
678 3589 715 3659 C.
731 3584 856 3680 Titius,
874 3582 978 3682 legati
995 3580 1242 3677 Dolabellae,a

260 3704 369 3779 classe
395 3706 643 3810 discessemnt,
667 3713 815 3812 navique
841 3710 944 3806 longa
970 3707 1243 3807 profugerunt⁸¹,

260 3833 425 3905 onerariis
451 3834 594 3909 relictis:
619 3840 654 3909 in
681 3837 805 3939 quibus
831 3832 1033 3932 colligendis
1058 3857 1131 3905 non
1148 3830 1242 3904 mini·

260 3980 354 4031 mum
382 3962 548 4062 temporis
572 3961 768 4066 laborisque
794 3972 1059 4036 consumserant
1076 3974 1115 4029 ¹¹.
