2624 4830
211 419 283 510 244
397 424 568 488 rrrsrorr
586 439 743 510 occcmv,
760 438 901 488 nccmr.
988 440 1020 489 r.
1040 442 1073 490 v.
1090 444 1119 490 c.
1138 456 1189 504 μα

208 540 411 641 refugiendo
428 522 646 616 commissuri
663 565 799 637 sumus,
823 553 863 612 nt
888 541 999 614 maius
1017 541 1210 618 detrimen-

209 682 284 742 tum
309 693 363 742 res
389 666 529 768 publica
546 667 705 768 accipere
722 667 846 767 possit.
871 667 980 761 Quod
996 669 1026 741 si
1044 683 1105 742 ant
1121 671 1209 744 Cae·

207 819 266 869 sar
288 799 326 868 se
350 793 541 895 respexerit
557 792 600 894 ³4,
625 809 685 867 aut
711 793 891 867 Africanae
915 794 1071 894 legiones
1088 795 1212 870 celeri-

207 933 261 995 ter
286 921 462 1022 venerint,
487 911 628 995 securos
653 946 718 994 vos
744 920 788 993 ab
806 919 872 994 hac
889 935 989 1021 parte
1003 921 1206 999 reddemus.

205 1046 281 1148 Tu,
305 1061 345 1122 ut
369 1048 567 1146 instituisti,
590 1073 647 1121 me
673 1047 796 1146 diligas
820 1073 929 1148 rogo,
949 1050 1160 1152 proprieque
1173 1052 1212 1101 ³⁵

207 1187 307 1247 tuum
338 1200 431 1274 esse,
465 1174 531 1248 tibi
562 1173 781 1275 persuadeas.
815 1173 850 1248 V
879 1173 957 1248 Kal
990 1174 1086 1249 Sext.
1102 1179 1136 1228 ³⁶
1164 1202 1210 1249 ex

205 1301 335 1376 castris.

610 1454 807 1529 DCCCLV·
908 1496 961 1555 (aa
977 1496 1029 1542 nn.
1047 1496 1118 1555 xvi,
1134 1500 1179 1552 ss)

201 1639 414 1717 Argrwrcnturrr
434 1634 650 1716 Negligentiam
666 1635 696 1693 in
712 1609 864 1693 mittendis
877 1632 1012 1716 epistolis
1026 1634 1133 1694 Tironi
1156 1634 1207 1692 io-

241 1764 311 1804 cose
330 1740 502 1825 exprobrat.

278 1968 332 2020 Ser.
350 1985 418 2020 armo
436 1970 551 2036 incert03
569 1968 675 2020 sortasse
692 1968 737 2019 illo
755 1975 886 2037 tempore,
904 1983 957 2037 quo
975 1966 1009 2036 Q.
1028 1965 1120 2018 Cicero

499 2059 584 2110 Asiam
601 2067 767 2128 propraetore
784 2055 896 2125 gerebat.

404 2261 441 2336 Q.
465 2256 609 2321 CICERO
634 2255 773 2320 TIRONI
798 2255 874 2321 SVO
900 2255 931 2318 S.
957 2254 997 2317 D.

130 2458 134 2464 ’
212 2542 215 2549 ‚
245 2445 438 2521 Verberavi
465 2458 500 2517 te
524 2443 746 2543 cogitationis
773 2444 880 2518 tacito
907 2442 1090 2516 dumtaxat
1115 2465 1199 2514 con·

196 2572 289 2646 vicio
304 2588 329 2670 ¹,
346 2571 442 2672 quod
459 2569 643 2645 fasciculus
668 2570 756 2644 alter
781 2571 827 2644 ad
852 2597 908 2642 me
934 2571 1003 2642 iarn
1030 2568 1104 2640 sine
1129 2567 1199 2638 tuis

194 2696 304 2771 literis
330 2696 484 2796 perlatus
508 2712 570 2770 cst.
595 2697 678 2771 Non
703 2711 806 2797 potes
831 2697 980 2793 elingere
1007 2693 1110 2766 huius
1128 2690 1201 2764 cul-

193 2849 261 2923 pae
291 2848 460 2924 poenam,
492 2838 528 2896 te
561 2839 710 2924 patrono
730 2841 755 2896 ².
781 2825 921 2896 Marcus
946 2834 999 2893 est
1024 2816 1195 2913 adhiben-

193 2943 282 3024 dus:
313 2953 411 3052 isque
444 2952 503 3024 diu
536 2965 573 3025 et
605 2951 722 3024 multis
759 2944 1059 3022 lucubrationibus
1098 2970 1196 3017 com-

191 3091 348 3151 mentata
373 3079 550 3178 oratione,
575 3079 656 3153 ride
674 3092 713 3152 ut
730 3075 881 3177 probare
905 3073 1032 3175 possit,
1059 3085 1093 3143 te
1117 3095 1192 3143 non

189 3230 363 3304 peccasse.
390 3204 500 3279 Plane
526 3220 560 3278 te
586 3231 691 3305 rogo,
715 3204 806 3277 sieut
831 3201 915 3275 olim
947 3211 1095 3271 matrem
1126 3220 1192 3268 no-

188 3346 297 3405 stram
323 3332 435 3405 lacere
461 3333 620 3431 memini,
651 3358 740 3433 quae
771 3330 911 3428 lagenas
938 3327 1042 3412 etiam
1070 3325 1191 3395 inanes

187 3456 413 3557 obsignabat,
445 3487 490 3532 ne
516 3460 715 3534 dicerentur
743 3463 864 3530 inanes
898 3454 1033 3554 aliquae
1066 3449 1191 3545 fuisse,

185 3608 276 3682 quae
312 3585 430 3657 furtim
462 3602 579 3659 essent
612 3586 826 3658 exsiccatae:
858 3583 909 3656 sic
944 3595 1002 3676 tu,
1035 3575 1194 3668 etiarnsi,

184 3709 271 3808 quid
302 3711 434 3784 scribes
452 3713 477 3809 ³,
501 3738 574 3786 non
605 3713 771 3808 habebis,
803 3709 947 3809 scribito
981 3719 1114 3798 tamen,
1147 3726 1192 3770 nc

185 3833 314 3908 lurtum
354 3840 596 3912 cessationisl
628 3840 839 3940 quaesivisse
880 3833 1038 3908 videaris.
1074 3823 1190 3899 Valde

183 3963 277 4034 ertim
305 3965 385 4035 rni⁵
411 3992 551 4066 semper
574 3982 611 4040 et
636 3993 718 4040 vera
744 3980 780 4038 et
806 3964 922 4037 dulcia
957 3962 1026 4034 tuis
1060 3956 1194 4058 episto·

63 4131 65 4135 ν
183 4087 224 4161 lis
250 4090 464 4168 nuntiantur.
492 4098 581 4170 Aura
602 4122 685 4194 nos,
711 4107 747 4166 ct
774 4092 858 4168 vulo.
