2624 4830
265 423 331 496 158
558 392 726 487 rrisroua
751 439 952 488 ccccxxxiv.
1027 439 1110 489 nv.
1128 443 1157 488 c.
1178 454 1225 504 μ.

258 549 376 620 Laevo
400 542 520 642 Cispio
546 538 638 615 dubo
665 540 888 641 perferenda,
920 542 979 642 qui
1004 541 1170 617 omnibus
1196 543 1249 618 his

259 669 414 743 interfuit
430 666 721 770 rebusnccessit
746 693 806 766 eo,
829 681 870 740 ut
893 667 1017 742 milites
1035 670 1126 769 eius,
1143 697 1251 772 quum

259 796 414 897 Lepidus
446 794 724 892 concionaretur,
749 792 904 893 improbi
928 820 992 894 per
1015 820 1070 894 se,
1095 797 1250 897 corrupti

260 924 365 996 etiam
390 947 453 1021 per
477 946 554 1020 eos,
578 921 639 1021 qui
664 933 847 1019 praesunt,
871 918 1037 992 Canidios
1061 920 1250 996 Rufrenos-

262 1076 328 1151 que
361 1061 397 1122 ct
428 1061 579 1144 ceteros,
608 1071 714 1148 quos,
739 1071 847 1146 quum
877 1071 967 1146 opus
999 1046 1083 1143 erit,
1114 1049 1253 1147 scietis,

261 1174 512 1249 conclamarint
536 1173 602 1248 viri
627 1171 772 1270 boni¹⁶,
796 1197 920 1272 pacem
944 1196 982 1245 se
1008 1171 1114 1271 velle,
1138 1199 1250 1274 neque

260 1328 335 1375 esse
368 1328 449 1395 cum
481 1297 559 1372 ullis
593 1313 826 1398 pugnaturos,
849 1297 986 1372 duobus
1019 1299 1090 1371 iam
1124 1325 1251 1373 consu·

260 1425 350 1499 libus
382 1424 611 1523 singularibus
643 1424 766 1498 occisis
786 1441 826 1522 ¹⁷,
851 1437 906 1497 tot
933 1423 1067 1497 civibus
1097 1450 1164 1525 pro
1194 1452 1251 1525 pa·

261 1552 326 1624 tria
351 1552 501 1648 amissis,
525 1549 685 1623 hostibus
711 1550 861 1648 denique
887 1549 1049 1623 omuibus
1074 1550 1252 1649 iudicatis,

260 1675 429 1778 bonisque
455 1674 649 1776 publicatis.
674 1675 795 1776 Neque
813 1675 881 1748 hoc
899 1690 960 1748 aut
978 1674 1174 1750 vindicarat
1188 1679 1254 1751 Le·

261 1802 380 1901 pidus,
405 1816 465 1874 aut
483 1815 622 1874 sanarat
640 1803 678 1873 ⁸⁸.
704 1802 784 1873 Huc
809 1827 865 1873 rue
891 1803 1090 1906 verrire„et
1115 1800 1252 1877 duobus

260 1928 466 2003 exercitibus
493 1930 686 2001 corriunctis
719 1927 870 2000 obiicere
903 1930 1094 2001 exercitum
1125 1928 1253 2002 fidelis·

260 2056 400 2153 simum,
425 2055 549 2127 auxilia
572 2056 720 2127 maxima
736 2071 777 2152 ¹⁹,
794 2055 970 2153 principes
996 2053 1149 2154 Galliae,
1175 2080 1253 2155 pro·

260 2169 411 2255 vinciam
437 2195 615 2278 cunctam,
644 2206 798 2253 summae
831 2179 1027 2252 dementiae
1052 2194 1090 2252 et
1114 2181 1251 2254 temeri·

262 2309 342 2378 tatis
366 2333 441 2378 csse
467 2306 555 2379 vidi:
588 2306 759 2406 mihique,
783 2307 812 2378 si
837 2307 885 2379 ita
912 2332 1101 2406 oppressus
1127 2333 1253 2406 essem,

261 2459 404 2533 remque
429 2431 606 2531 publicam
632 2457 768 2503 mecum
798 2432 1028 2531 perdidissem
1046 2447 1088 2532 ²⁰,
1112 2448 1252 2507 mortuo

261 2583 342 2631 non,
367 2557 473 2629 modo
506 2542 707 2654 bonorem,
727 2557 787 2630 sed
817 2557 1088 2631 misericordiam
1115 2583 1252 2659 quoque

248 2683 466 2756 defuturam.
499 2685 621 2783 Itaque
647 2683 820 2757 rediturus
845 2712 939 2780 snm,
963 2710 1029 2756 nec
1055 2699 1155 2758 tauta
1180 2712 1252 2758 mu·

263 2837 345 2882 nera
363 2826 392 2860 ²²
420 2808 565 2908 perditis
593 2809 795 2882 homiuibus
829 2810 902 2883 dari
929 2836 1032 2910 posse
1056 2813 1179 2883 sinam.
1205 2811 1253 2881 Vt

263 2937 450 3009 exercitum
476 2934 561 3008 locis
594 2934 742 3007 habeam
776 2938 983 3037 opportunis
991 2993 1002 3035 ,
1036 2939 1253 3036 provinciam

263 3077 376 3159 tuear,
402 3063 505 3136 etiam
531 3062 560 3134 si
584 3060 642 3134 ille
668 3064 837 3135 exercitus
865 3062 1042 3159 descierit,
1068 3030 1251 3163 omnffiqne

262 3190 395 3288 integra
415 3214 569 3287 servem,
595 3186 687 3262 dabo
714 3215 857 3288 operam
874 3205 916 3287 ²²,
941 3188 1058 3289 quoad
1084 3190 1251 3261 exercitus

262 3315 331 3387 huc
356 3316 595 3415 summittatis,
626 3317 771 3416 parique
806 3314 968 3388 felicitate
985 3317 1015 3364 ²³
1042 3341 1116 3388 rem
1142 3313 1251 3415 publi·

263 3467 340 3512 cam
357 3441 413 3513 hic
433 3441 624 3516 vindicetis.
650 3441 724 3515 Nec
752 3440 966 3540 depugnare,
991 3440 1020 3512 si
1045 3440 1187 3513 occasio
1204 3451 1251 3510 tu-

263 3562 358 3663 lerit,
388 3592 454 3638 nec
485 3565 657 3666 obsideri,
690 3567 717 3639 si
743 3593 883 3640 necesse
909 3566 1028 3662 fuerit,
1053 3592 1118 3638 nec
1144 3565 1250 3657 mori,

263 3690 292 3760 si
317 3717 415 3763 casus
438 3690 614 3790 inciderit,
638 3718 703 3792 pro
728 3692 829 3764 vobis
855 3693 1008 3792 paratior
1038 3690 1146 3763 suit²l
1164 3691 1249 3791 quis·

263 3840 375 3912 quam.
412 3817 528 3906 Quare
561 3816 683 3890 hortor
717 3832 771 3914 te,
806 3819 852 3889 mi
886 3818 1029 3915 Cicero,
1063 3817 1247 3890 exercitum

263 3938 332 4043 lruc
357 3940 596 4016 traiiciendum
629 3971 732 4044 quum
758 3946 910 4045 primum
936 3970 1053 4042 cures,
1078 3958 1115 4016 et
1141 3956 1246 4018 matu·
