2624 4830
230 465 300 516 m
533 461 704 512 caterona
730 462 925 513 ncccxnvrr.
1001 464 1199 527 amoq»

178 643 184 652 ,
227 582 337 641 ruens
354 561 555 662 oppositum
582 578 622 635 ut
647 564 827 661 haberem,
853 568 890 636 in
916 589 986 665 quo
1006 590 1102 639 mora
1130 581 1225 642 tran-

112 727 119 744 ·
227 691 314 762 situs
338 702 446 761 essct:
471 687 639 760 Vocontii
664 688 728 761 sub
754 716 858 760 mann
880 704 908 740 ¹⁰
935 704 975 763 ut
1000 705 1135 789 essent,
1159 719 1221 791 per

226 840 376 916 quorum
402 812 478 885 loca
503 813 651 885 fideliter
675 814 760 886 mihi
787 828 923 923 pateret
947 817 1021 889 iter.
1046 817 1221 916 Lepidus,

228 939 412 1039 desperato
438 937 590 1011 adventu
617 964 696 1011 meo
713 954 753 1037 ¹¹,
770 967 872 1041 quem
898 964 974 1013 non
997 940 1219 1016 mediocriter

227 1064 410 1164 captabat,
440 1089 477 1136 se
511 1089 591 1136 curn
622 1065 776 1138 Antonio
809 1066 992 1141 coniunxit
1009 1090 1049 1138 a.
1085 1066 1118 1138 d.
1151 1065 1220 1139 1111

114 1227 123 1246 ·
226 1187 305 1262 Kal.
330 1189 463 1285 Iunias,
491 1189 685 1290 eodemque
710 1190 767 1262 die
793 1189 838 1263 ad
864 1215 920 1262 me
952 1204 1063 1264 castra
1096 1216 1216 1265 move·

225 1327 325 1411 runt,
355 1314 479 1410 viginti
503 1312 609 1385 millia
634 1339 800 1413 passuum
825 1340 933 1416 quum
957 1315 1137 1414 abessent,
1160 1341 1215 1389 rea

226 1438 310 1510 milri
336 1439 493 1510 nuntiata
520 1452 581 1510 est
610 1439 699 1510 Dedi
725 1465 886 1539 oporam,
919 1439 1034 1514 Derim
1058 1440 1218 1539 benigni·

226 1576 315 1660 tate,
339 1576 379 1635 ut
403 1576 440 1635 et
464 1563 627 1652 celeriter
643 1590 700 1637 me
725 1566 933 1666 reciperem,
957 1580 993 1639 et
1016 1565 1074 1638 hic
1091 1567 1218 1639 disces·

226 1713 285 1758 sus
310 1686 394 1759 nihil
422 1687 521 1786 fugae
546 1689 656 1761 simile
690 1689 849 1788 haberet,
881 1717 954 1765 non
987 1691 1086 1765 miles
1110 1691 1219 1788 ullus,

225 1837 297 1884 non
315 1839 446 1913 eques,
462 1838 534 1886 non
560 1816 744 1916 quicquam
761 1816 1091 1916 impedimentorum
1119 1819 1216 1890 amit·

226 1950 357 2011 teretur
375 1953 417 2037 ¹¹,
442 1953 503 2012 aut
528 1938 571 2013 ab
597 1940 664 2014 illis
694 1942 907 2015 ferventibus
940 1942 1134 2015 latronibus
1166 1944 1218 2014 in-

226 2065 463 2163 terciperetur.
495 2065 617 2166 Itaque
648 2066 762 2167 pridie
793 2067 913 2141 Nonas
946 2069 1062 2140 Iunias
1096 2093 1218 2140 omnes

226 2191 346 2287 copias
371 2190 501 2263 Isaram
527 2192 664 2289 traieci,
689 2206 901 2293 pontesque,
933 2217 1022 2293 qnos
1053 2192 1219 2287 feceram,

224 2313 412 2412 interrupi,
436 2328 476 2387 ut
492 2317 645 2415 spatium
664 2318 693 2367 ¹³
719 2318 766 2391 ad
791 2317 1022 2415 colligendum
1049 2343 1087 2391 sc
1111 2316 1221 2390 lromi·

224 2464 286 2514 nes
323 2438 514 2538 haberent,
548 2455 586 2514 et
616 2468 681 2540 ego
713 2468 770 2516 me
803 2443 934 2516 interea
972 2468 1052 2516 cum
1086 2441 1217 2539 collega

34 2603 36 2606 ·
134 2616 147 2646 .
224 2569 487 2665 coniungerem,
512 2592 614 2667 quem
643 2568 777 2667 triduo,
801 2596 908 2670 quum
935 2569 999 2640 has
1024 2567 1151 2640 dabam
1176 2566 1219 2639 li·

225 2704 330 2787 teras,
355 2692 610 2791 exspectabam.
643 2695 841 2766 Laterensis
866 2694 978 2766 nostri
998 2691 1028 2758 ι4
1053 2705 1089 2763 et
1114 2691 1219 2762 fidem

222 2829 260 2887 ct
285 2817 440 2889 animum
470 2817 677 2915 singularem
703 2819 838 2905 iurem
872 2817 1050 2918 publicam
1083 2840 1221 2915 semper

214 2930 365 3015 fatebor.
391 2941 461 3014 Sed
486 2957 580 3016 certe
605 2945 710 3015 nimia
742 2944 816 3016 eius
847 2943 1062 3040 indulgentia
1088 2944 1125 3013 in
1149 2944 1217 3013 Le-

224 3067 345 3168 pidum
371 3068 417 3141 ad
449 3068 535 3143 haec
568 3068 721 3169 pericula
756 3069 998 3169 perspicienda
1030 3067 1113 3139 fecit
1136 3092 1218 3138 eum

222 3196 337 3268 minus
354 3222 522 3293 sagacem.
548 3197 618 3287 Qui
645 3195 785 3306 quidem
805 3222 919 3297 ‚quum
945 3197 982 3268 in
1006 3193 1163 3267 fraudem
1180 3217 1218 3264 se

222 3321 413 3394 deductum
443 3322 759 3419 videret,'manus,
785 3347 870 3420 quas
889 3321 1017 3392 iustius
1039 3320 1076 3390 in
1093 3315 1220 3416 Lepidi

221 3448 411 3543 perniciem
437 3451 626 3544 armasset,
657 3447 721 3551 silai
756 3448 876 3518 allierre
909 3459 1056 3518 conatus
1080 3458 1142 3516 est.
1176 3445 1217 3514 ln

222 3595 293 3669 quo
318 3598 401 3644 casu
433 3586 548 3644 tamen
584 3571 825 3671 interpellatus
851 3587 887 3643 et
912 3572 1027 3643 adhuc
1053 3570 1158 3662 vivit,
1182 3582 1219 3638 et

222 3694 587 3772 diciturvicturus15.
615 3697 684 3769 sert
711 3711 828 3769 tamen
856 3697 900 3769 de
933 3695 1001 3769 hoc
1033 3694 1119 3776 milri
1152 3718 1215 3791 pa·

221 3846 298 3893 rum
325 3833 455 3892 certurn
482 3834 543 3896 est,
570 3823 698 3918 Magno
719 3825 749 3872 ¹⁶
775 3848 853 3893 curn
881 3820 1004 3895 dolore
1029 3816 1216 3918 parricida·

223 3971 299 4021 rum
326 3945 463 4049 elapsus
488 3973 563 4023 suro
590 3949 639 4026 iis,
669 3947 866 4020 Veniebant
894 3948 986 4019 enim
1012 3946 1136 4021 eodem
1162 3943 1215 4015 su-
