2624 4830
243 423 310 519 184
545 442 717 495 cererem
745 444 912 492 ncccxnu.
1020 443 1202 508 cccv·

237 564 294 623 tus
320 547 365 621 V.
389 547 429 621 C.
447 547 461 596 ⁸
488 544 644 644 tenebat,
660 571 716 617 me
735 543 884 644 contuli,
900 558 936 616 et
953 545 990 617 id
1006 548 1078 646 egi,
1095 563 1152 644 ut,
1168 575 1231 648 per

236 698 326 778 quos
359 672 536 748 celerrime
567 687 686 772 posset
702 670 730 770 4,
753 672 835 744 Asia
867 671 1046 771 provincia
1077 677 1229 773 vectiga-

235 799 351 903 liaque
376 801 413 873 in
438 812 588 872 vestram
616 809 825 899 potestatem
851 795 1096 894 redigerentur.
1122 799 1231 891 Quod

236 954 343 1030 quum
370 927 606 1030 pertimuisset
634 921 831 1023 Dolabella,
863 932 996 996 vastata
1030 925 1229 1025 provincia,

237 1045 406 1154 correptis
439 1050 684 1151 vectigalibus,
716 1049 903 1150 praecipue
935 1047 1069 1124 civibus
1101 1049 1228 1124 Roma-

235 1181 291 1253 nis
326 1178 521 1253 omnibus⁵
550 1177 784 1251 crudelissime
817 1173 1000 1249 denudatis
1033 1202 1074 1249 ac
1107 1174 1227 1248 diven-

236 1303 336 1402 ditis,
360 1305 573 1406 celeriusque
597 1304 678 1377 Asia
705 1304 921 1400 excessisset,
938 1328 1042 1403 quam
1067 1327 1111 1376 eo
1128 1329 1227 1405 prae-

236 1430 361 1504 sidium
388 1431 545 1503 adduci⁶
562 1432 748 1530 potuisset:
775 1429 903 1501 diutius
921 1429 1065 1528 morari,
1089 1443 1150 1502 aut
1170 1455 1227 1501 ex·

235 1571 395 1658 spectare
420 1555 630 1659 praesidium
657 1581 728 1628 non
749 1581 890 1629 necesse
914 1537 1037 1654 habiri,
1062 1569 1097 1628 et
1123 1583 1226 1656 quam

234 1683 385 1784 primum
412 1681 457 1755 ad
483 1707 596 1755 meum
615 1683 767 1756 officium
786 1680 1030 1756 revertendum
1049 1680 1134 1753 milri
1152 1707 1225 1755 esse

234 1811 445 1911 existimaui,
470 1821 569 1885 utet
595 1809 722 1911 reliqua
751 1807 929 1905 vectigalia
964 1808 1152 1908 exigerem,
1177 1822 1225 1906 et,

234 1963 340 2040 quam
374 1937 564 2038 deposuit,
588 1937 770 2038 pecuniam
812 1931 1028 2034 colligerem:
1060 1932 1224 2036 quicquid

234 2088 277 2136 ex
303 2090 342 2137 ea
369 2079 568 2166 correptum
594 2077 699 2164 esset,
723 2075 782 2135 aut
807 2087 955 2162 quorum
981 2061 1017 2133 id
1043 2060 1147 2161 culpa
1172 2087 1224 2133 ac-

234 2190 395 2291 cidisset,
427 2216 671 2288 cognoscerem
705 2216 808 2291 quam
839 2188 1008 2287 primum,
1032 2198 1068 2260 et
1093 2212 1157 2261 vos
1182 2186 1223 2258 de

149 2382 151 2386 ,
233 2317 329 2388 omni
355 2341 392 2388 re
418 2316 566 2388 facerem
588 2302 762 2389 certiores.

284 2470 305 2515 2
332 2442 476 2515 Interim
513 2467 619 2543 quum
652 2468 715 2541 per
746 2440 874 2514 insulas
906 2442 943 2514 in
976 2442 1092 2515 Asiam
1125 2439 1222 2515 navi-

233 2570 328 2669 ganti
359 2567 446 2642 mihi
479 2569 677 2641 nuntiatum
710 2583 816 2667 esset,
848 2568 992 2642 classem
1023 2566 1221 2641 Dolabellae

232 2695 269 2768 in
294 2695 403 2794 Lycia
438 2720 529 2793 esse,
563 2693 789 2796 Rhodiosque
821 2720 927 2767 naves
952 2693 1147 2795 complures
1171 2697 1221 2767 in·

221 2834 382 2896 structas
408 2835 444 2893 et
468 2833 608 2921 paratas
633 2821 670 2892 in
696 2846 784 2920 aqua
814 2819 957 2893 habere:
991 2845 1072 2895 cum
1095 2822 1136 2894 iis
1161 2847 1221 2894 na·

232 2945 351 3045 vibus,
377 2974 461 3049 quas
487 2960 548 3019 aut
574 2972 709 3018 mecum
736 2944 966 3046 adduxeram,
995 2960 1056 3020 aut
1080 2972 1221 3047 compa·

231 3088 370 3149 raverat
394 3073 554 3148 Patiscus
579 3086 808 3175 proquaestor
825 3075 850 3172 ⁸,
875 3072 981 3147 homo
1006 3072 1092 3145 mihi
1118 3097 1221 3174 quum

232 3200 481 3301 familiaritate,
512 3214 586 3273 tum
620 3201 724 3272 etiam
757 3199 913 3273 sensibus
944 3199 981 3270 in
1013 3225 1050 3271 re
1083 3198 1220 3299 publica

119 3370 123 3375 ·
232 3329 553 3427 coniunctissimus,
576 3326 739 3400 Rhodum
763 3326 906 3422 reverti,
931 3325 1081 3397 confisus
1107 3337 1221 3397 aucto·

230 3455 333 3529 ritate
350 3469 483 3552 vestra,
501 3468 708 3555 senatusque
726 3449 896 3549 consulto,
912 3476 981 3552 quo
998 3449 1138 3523 hostem
1154 3448 1220 3522 Do-

230 3576 394 3653 labellam
419 3579 640 3680 iudicaretis3
662 3580 801 3653 foedere
826 3602 982 3680 quoque,
1014 3576 1111 3678 quod
1143 3602 1219 3648 cum

231 3702 313 3800 iiss,
330 3705 375 3776 M.
402 3705 586 3803 Marcello,
611 3707 681 3778 Ser.
707 3703 860 3804 Sulpicio
887 3729 991 3799 coss,
1016 3715 1219 3775 renovatum

230 3840 320 3901 erat:
354 3855 424 3929 quo
457 3830 656 3904 iuraverant
688 3829 830 3926 Rhodii,
861 3827 1002 3903 eosdem
1035 3827 1154 3901 hostes
1184 3851 1218 3898 se

229 3951 429 4052 habituros,
455 3981 542 4056 quos
567 3956 599 4028 S.
625 3956 663 4029 P.
689 3957 732 4045 Q.
758 3955 796 4026 R.
823 3957 922 4046 Quae
949 3980 1000 4027 res
1026 3978 1091 4026 nos
1119 3952 1218 4026 rebe·
