<?xml version="1.0" encoding="UTF-8"?>
<!DOCTYPE html PUBLIC "-//W3C//DTD XHTML 1.0 Transitional//EN"
    "http://www.w3.org/TR/xhtml1/DTD/xhtml1-transitional.dtd">
<html xmlns="http://www.w3.org/1999/xhtml" xml:lang="en" lang="en">
 <head>
  <title>
</title>
<meta http-equiv="Content-Type" content="text/html;charset=utf-8" />
  <meta name='ocr-system' content='tesseract 3.04.00' />
  <meta name='ocr-capabilities' content='ocr_page ocr_carea ocr_par ocr_line ocrx_word'/>
</head>
<body>
  <div class='ocr_page' id='page_1' title='image "./mtulliiciceroni17cicegoog_0366.png"; bbox 0 0 2624 4830; ppageno 0'>
   <div class='ocr_carea' id='block_1_1' title="bbox 235 413 1209 504">
    <p class='ocr_par' dir='ltr' id='par_1_1' title="bbox 235 413 1209 504">
     <span class='ocr_line' id='line_1_1' title="bbox 235 413 1209 504; baseline -0.001 -15"><span class='ocrx_word' id='word_1_1' title='bbox 235 413 306 489; x_wconf 79' lang='lat'><strong>360</strong></span> <span class='ocrx_word' id='word_1_2' title='bbox 452 452 462 483; x_wconf 30' lang='grc' dir='ltr'><strong>,ν</strong></span> <span class='ocrx_word' id='word_1_3' title='bbox 530 430 741 485; x_wconf 65' lang='lat' dir='ltr'><strong>⁴ttrrsrona</strong></span> <span class='ocrx_word' id='word_1_4' title='bbox 768 429 863 488; x_wconf 78' lang='lat' dir='ltr'><strong>xxiv.</strong></span> <span class='ocrx_word' id='word_1_5' title='bbox 1017 435 1209 504; x_wconf 58' lang='lat' dir='ltr'><strong>trevi·</strong></span> 
     </span>
    </p>
   </div>
   <div class='ocr_carea' id='block_1_2' title="bbox 273 535 1229 704">
    <p class='ocr_par' dir='ltr' id='par_1_2' title="bbox 273 535 1229 704">
     <span class='ocr_line' id='line_1_2' title="bbox 273 535 1229 622; baseline 0.006 -24"><span class='ocrx_word' id='word_1_6' title='bbox 273 535 445 619; x_wconf 69' lang='lat' dir='ltr'><strong>epistolam,</strong></span> <span class='ocrx_word' id='word_1_7' title='bbox 466 557 526 617; x_wconf 85' lang='lat' dir='ltr'><strong>qua</strong></span> <span class='ocrx_word' id='word_1_8' title='bbox 547 557 615 597; x_wconf 85' lang='lat' dir='ltr'><strong>eum</strong></span> <span class='ocrx_word' id='word_1_9' title='bbox 639 548 775 620; x_wconf 80' lang='lat' dir='ltr'><strong>rogarat,</strong></span> <span class='ocrx_word' id='word_1_10' title='bbox 795 547 830 599; x_wconf 89' lang='lat' dir='ltr'><strong>ut</strong></span> <span class='ocrx_word' id='word_1_11' title='bbox 850 535 1026 598; x_wconf 69' lang='lat' dir='ltr'><strong>liberatores</strong></span> <span class='ocrx_word' id='word_1_12' title='bbox 1047 544 1162 622; x_wconf 77' lang='lat' dir='ltr'><strong>patriae</strong></span> <span class='ocrx_word' id='word_1_13' title='bbox 1175 541 1229 604; x_wconf 74' lang='lat' dir='ltr'><strong>ut·</strong></span> 
     </span>
     <span class='ocr_line' id='line_1_3' title="bbox 273 643 443 704; baseline -0.012 -1"><span class='ocrx_word' id='word_1_14' title='bbox 273 666 325 704; x_wconf 77' lang='lat' dir='ltr'><strong>tos</strong></span> <span class='ocrx_word' id='word_1_15' title='bbox 348 643 443 703; x_wconf 77' lang='lat' dir='ltr'><strong>veliet.</strong></span> 
     </span>
    </p>
   </div>
   <div class='ocr_carea' id='block_1_3' title="bbox 356 891 1103 963">
    <p class='ocr_par' dir='ltr' id='par_1_3' title="bbox 356 891 1103 963">
     <span class='ocr_line' id='line_1_4' title="bbox 356 891 1103 963; baseline 0.005 -20"><span class='ocrx_word' id='word_1_16' title='bbox 356 893 409 946; x_wconf 78' lang='lat' dir='ltr'><strong>Srr.</strong></span> <span class='ocrx_word' id='word_1_17' title='bbox 429 893 454 944; x_wconf 87' lang='lat' dir='ltr'><strong>in</strong></span> <span class='ocrx_word' id='word_1_18' title='bbox 474 893 531 944; x_wconf 77' lang='lat' dir='ltr'><strong>to·</strong></span> <span class='ocrx_word' id='word_1_19' title='bbox 550 893 579 944; x_wconf 80' lang='lat' dir='ltr'><strong>t.</strong></span> <span class='ocrx_word' id='word_1_20' title='bbox 597 891 632 948; x_wconf 77' lang='lat' dir='ltr'><strong>V.</strong></span> <span class='ocrx_word' id='word_1_21' title='bbox 648 893 677 944; x_wconf 83' lang='lat' dir='ltr'><strong>C.</strong></span> <span class='ocrx_word' id='word_1_22' title='bbox 698 891 805 960; x_wconf 74' lang='lat' dir='ltr'><strong>DCCX,</strong></span> <span class='ocrx_word' id='word_1_23' title='bbox 821 892 888 944; x_wconf 79' lang='lat' dir='ltr'><strong>eirea</strong></span> <span class='ocrx_word' id='word_1_24' title='bbox 908 891 946 946; x_wconf 85' lang='lat' dir='ltr'><strong>id.</strong></span> <span class='ocrx_word' id='word_1_25' title='bbox 965 893 1103 963; x_wconf 81' lang='lat' dir='ltr'><strong>Quintiles.</strong></span> 
     </span>
    </p>
   </div>
   <div class='ocr_carea' id='block_1_4' title="bbox 519 1085 940 1156">
    <p class='ocr_par' dir='ltr' id='par_1_4' title="bbox 519 1085 940 1156">
     <span class='ocr_line' id='line_1_5' title="bbox 519 1085 940 1156; baseline 0 -2"><span class='ocrx_word' id='word_1_26' title='bbox 519 1085 672 1156; x_wconf 80' lang='lat' dir='ltr'>BRVTVS</span> <span class='ocrx_word' id='word_1_27' title='bbox 698 1090 885 1156; x_wconf 80' lang='lat' dir='ltr'>CICERONI</span> <span class='ocrx_word' id='word_1_28' title='bbox 910 1091 940 1154; x_wconf 90' lang='lat' dir='ltr'><strong>S.</strong></span> 
     </span>
    </p>
   </div>
   <div class='ocr_carea' id='block_1_5' title="bbox 201 1291 1298 4049">
    <p class='ocr_par' dir='ltr' id='par_1_5' title="bbox 201 1291 1298 4049">
     <span class='ocr_line' id='line_1_6' title="bbox 201 1291 1223 1400; baseline 0.003 -25"><span class='ocrx_word' id='word_1_29' title='bbox 201 1392 205 1396; x_wconf 13' lang='grc' dir='ltr'><strong>ῃ</strong></span> <span class='ocrx_word' id='word_1_30' title='bbox 276 1291 488 1374; x_wconf 81' lang='lat' dir='ltr'><strong>Particuiam</strong></span> <span class='ocrx_word' id='word_1_31' title='bbox 506 1297 682 1398; x_wconf 80' lang='lat' dir='ltr'><strong>literarum</strong></span> <span class='ocrx_word' id='word_1_32' title='bbox 701 1310 853 1396; x_wconf 84' lang='lat' dir='ltr'><strong>tuarum,</strong></span> <span class='ocrx_word' id='word_1_33' title='bbox 870 1318 957 1400; x_wconf 81' lang='lat' dir='ltr'><strong>quas</strong></span> <span class='ocrx_word' id='word_1_34' title='bbox 974 1296 1098 1373; x_wconf 85' lang='lat' dir='ltr'><strong>misisti</strong></span> <span class='ocrx_word' id='word_1_35' title='bbox 1116 1301 1223 1378; x_wconf 53' lang='lat' dir='ltr'><strong>Octa*</strong></span> 
     </span>
     <span class='ocr_line' id='line_1_7' title="bbox 226 1418 1222 1524; baseline 0.002 -24"><span class='ocrx_word' id='word_1_36' title='bbox 226 1425 303 1522; x_wconf 77' lang='lat' dir='ltr'><strong>vio,</strong></span> <span class='ocrx_word' id='word_1_37' title='bbox 328 1423 412 1523; x_wconf 83' lang='lat' dir='ltr'><strong>legi,</strong></span> <span class='ocrx_word' id='word_1_38' title='bbox 438 1425 577 1497; x_wconf 84' lang='lat' dir='ltr'><strong>missam</strong></span> <span class='ocrx_word' id='word_1_39' title='bbox 600 1423 645 1496; x_wconf 86' lang='lat' dir='ltr'><strong>ab</strong></span> <span class='ocrx_word' id='word_1_40' title='bbox 662 1424 780 1497; x_wconf 81' lang='lat' dir='ltr'><strong>Attico</strong></span> <span class='ocrx_word' id='word_1_41' title='bbox 807 1418 901 1497; x_wconf 88' lang='lat' dir='ltr'><strong>mihi.</strong></span> <span class='ocrx_word' id='word_1_42' title='bbox 927 1423 1088 1501; x_wconf 88' lang='lat' dir='ltr'><strong>Studium</strong></span> <span class='ocrx_word' id='word_1_43' title='bbox 1106 1441 1222 1524; x_wconf 83' lang='lat' dir='ltr'><strong>tuam,</strong></span> 
     </span>
     <span class='ocr_line' id='line_1_8' title="bbox 226 1549 1219 1655; baseline 0.003 -31"><span class='ocrx_word' id='word_1_44' title='bbox 226 1576 377 1653; x_wconf 80' lang='lat' dir='ltr'><strong>saraque</strong></span> <span class='ocrx_word' id='word_1_45' title='bbox 403 1550 447 1623; x_wconf 90' lang='lat' dir='ltr'><strong>de</strong></span> <span class='ocrx_word' id='word_1_46' title='bbox 472 1549 583 1624; x_wconf 84' lang='lat' dir='ltr'><strong>salute</strong></span> <span class='ocrx_word' id='word_1_47' title='bbox 607 1574 703 1649; x_wconf 88' lang='lat' dir='ltr'><strong>mea,</strong></span> <span class='ocrx_word' id='word_1_48' title='bbox 727 1549 823 1623; x_wconf 90' lang='lat' dir='ltr'><strong>nulla</strong></span> <span class='ocrx_word' id='word_1_49' title='bbox 848 1576 905 1624; x_wconf 91' lang='lat' dir='ltr'><strong>rne</strong></span> <span class='ocrx_word' id='word_1_50' title='bbox 924 1576 1018 1625; x_wconf 87' lang='lat' dir='ltr'><strong>nova</strong></span> <span class='ocrx_word' id='word_1_51' title='bbox 1036 1552 1219 1655; x_wconf 79' lang='lat' dir='ltr'><strong>voluptate</strong></span> 
     </span>
     <span class='ocr_line' id='line_1_9' title="bbox 225 1675 1222 1783; baseline 0.004 -33"><span class='ocrx_word' id='word_1_52' title='bbox 225 1675 349 1750; x_wconf 62' lang='lat' dir='ltr'><strong>afficit.</strong></span> <span class='ocrx_word' id='word_1_53' title='bbox 375 1677 454 1750; x_wconf 88' lang='lat' dir='ltr'><strong>Non</strong></span> <span class='ocrx_word' id='word_1_54' title='bbox 480 1675 592 1759; x_wconf 86' lang='lat' dir='ltr'><strong>solum</strong></span> <span class='ocrx_word' id='word_1_55' title='bbox 610 1678 702 1749; x_wconf 90' lang='lat' dir='ltr'><strong>enim</strong></span> <span class='ocrx_word' id='word_1_56' title='bbox 720 1678 906 1776; x_wconf 88' lang='lat' dir='ltr'><strong>usitatum,</strong></span> <span class='ocrx_word' id='word_1_57' title='bbox 930 1678 992 1751; x_wconf 89' lang='lat' dir='ltr'><strong>sed</strong></span> <span class='ocrx_word' id='word_1_58' title='bbox 1010 1683 1118 1752; x_wconf 87' lang='lat' dir='ltr'><strong>etiam</strong></span> <span class='ocrx_word' id='word_1_59' title='bbox 1134 1706 1222 1783; x_wconf 81' lang='lat' dir='ltr'><strong>quo·</strong></span> 
     </span>
     <span class='ocr_line' id='line_1_10' title="bbox 225 1801 1222 1905; baseline 0.006 -32"><span class='ocrx_word' id='word_1_60' title='bbox 225 1801 394 1877; x_wconf 85' lang='lat' dir='ltr'><strong>tidianum</strong></span> <span class='ocrx_word' id='word_1_61' title='bbox 421 1814 487 1899; x_wconf 86' lang='lat' dir='ltr'><strong>est,</strong></span> <span class='ocrx_word' id='word_1_62' title='bbox 513 1803 645 1905; x_wconf 84' lang='lat' dir='ltr'><strong>aliquid</strong></span> <span class='ocrx_word' id='word_1_63' title='bbox 671 1801 790 1876; x_wconf 81' lang='lat' dir='ltr'><strong>audire</strong></span> <span class='ocrx_word' id='word_1_64' title='bbox 816 1803 861 1877; x_wconf 94' lang='lat' dir='ltr'><strong>de</strong></span> <span class='ocrx_word' id='word_1_65' title='bbox 886 1818 939 1902; x_wconf 89' lang='lat' dir='ltr'><strong>te,</strong></span> <span class='ocrx_word' id='word_1_66' title='bbox 964 1803 1060 1904; x_wconf 91' lang='lat' dir='ltr'><strong>quod</strong></span> <span class='ocrx_word' id='word_1_67' title='bbox 1077 1830 1144 1905; x_wconf 86' lang='lat' dir='ltr'><strong>pro</strong></span> <span class='ocrx_word' id='word_1_68' title='bbox 1162 1831 1222 1880; x_wconf 90' lang='lat' dir='ltr'><strong>no-</strong></span> 
     </span>
     <span class='ocr_line' id='line_1_11' title="bbox 223 1928 1221 2033; baseline 0.003 -32"><span class='ocrx_word' id='word_1_69' title='bbox 223 1943 294 2004; x_wconf 88' lang='lat' dir='ltr'><strong>stra</strong></span> <span class='ocrx_word' id='word_1_70' title='bbox 321 1929 489 2031; x_wconf 76' lang='lat' dir='ltr'><strong>dignitate</strong></span> <span class='ocrx_word' id='word_1_71' title='bbox 507 1929 654 2004; x_wconf 85' lang='lat' dir='ltr'><strong>fideliter</strong></span> <span class='ocrx_word' id='word_1_72' title='bbox 670 1941 776 2033; x_wconf 85' lang='lat' dir='ltr'><strong>atque</strong></span> <span class='ocrx_word' id='word_1_73' title='bbox 792 1928 986 2022; x_wconf 85' lang='lat' dir='ltr'><strong>honorifice</strong></span> <span class='ocrx_word' id='word_1_74' title='bbox 1004 1929 1145 2028; x_wconf 79' lang='lat' dir='ltr'><strong>dixeris,</strong></span> <span class='ocrx_word' id='word_1_75' title='bbox 1161 1945 1221 2004; x_wconf 79' lang='lat' dir='ltr'><strong>aar</strong></span> 
     </span>
     <span class='ocr_line' id='line_1_12' title="bbox 223 2055 1218 2158; baseline 0.003 -31"><span class='ocrx_word' id='word_1_76' title='bbox 223 2055 351 2145; x_wconf 58' lang='lat' dir='ltr'><strong>seceris.</strong></span> <span class='ocrx_word' id='word_1_77' title='bbox 376 2058 424 2131; x_wconf 79' lang='lat' dir='ltr'><strong>At</strong></span> <span class='ocrx_word' id='word_1_78' title='bbox 450 2055 589 2157; x_wconf 87' lang='lat' dir='ltr'><strong>dolore,</strong></span> <span class='ocrx_word' id='word_1_79' title='bbox 615 2071 784 2158; x_wconf 88' lang='lat' dir='ltr'><strong>quantum</strong></span> <span class='ocrx_word' id='word_1_80' title='bbox 810 2058 927 2130; x_wconf 88' lang='lat' dir='ltr'><strong>animo</strong></span> <span class='ocrx_word' id='word_1_81' title='bbox 954 2057 1144 2130; x_wconf 83' lang='lat' dir='ltr'><strong>maximum</strong></span> <span class='ocrx_word' id='word_1_82' title='bbox 1161 2082 1218 2130; x_wconf 61' lang='lat' dir='ltr'><strong>oa·r</strong></span> 
     </span>
     <span class='ocr_line' id='line_1_13' title="bbox 220 2173 1220 2285; baseline 0 -29"><span class='ocrx_word' id='word_1_83' title='bbox 220 2208 305 2281; x_wconf 83' lang='lat' dir='ltr'><strong>pere</strong></span> <span class='ocrx_word' id='word_1_84' title='bbox 331 2209 493 2283; x_wconf 86' lang='lat' dir='ltr'><strong>possam,</strong></span> <span class='ocrx_word' id='word_1_85' title='bbox 517 2183 640 2257; x_wconf 87' lang='lat' dir='ltr'><strong>eadem</strong></span> <span class='ocrx_word' id='word_1_86' title='bbox 665 2182 723 2256; x_wconf 84' lang='lat' dir='ltr'><strong>illa</strong></span> <span class='ocrx_word' id='word_1_87' title='bbox 755 2209 836 2284; x_wconf 87' lang='lat' dir='ltr'><strong>pars</strong></span> <span class='ocrx_word' id='word_1_88' title='bbox 870 2173 1057 2283; x_wconf 86' lang='lat' dir='ltr'><strong>epistolae,</strong></span> <span class='ocrx_word' id='word_1_89' title='bbox 1089 2183 1220 2285; x_wconf 87' lang='lat' dir='ltr'><strong>scripta</strong></span> 
     </span>
     <span class='ocr_line' id='line_1_14' title="bbox 205 2307 1218 2408; baseline 0.002 -28"><span class='ocrx_word' id='word_1_90' title='bbox 205 2308 269 2383; x_wconf 89' lang='lat' dir='ltr'><strong>ad</strong></span> <span class='ocrx_word' id='word_1_91' title='bbox 293 2309 481 2384; x_wconf 87' lang='lat' dir='ltr'><strong>Octavium</strong></span> <span class='ocrx_word' id='word_1_92' title='bbox 508 2309 553 2383; x_wconf 87' lang='lat' dir='ltr'><strong>de</strong></span> <span class='ocrx_word' id='word_1_93' title='bbox 578 2309 698 2408; x_wconf 86' lang='lat' dir='ltr'><strong>nobis,</strong></span> <span class='ocrx_word' id='word_1_94' title='bbox 724 2309 849 2383; x_wconf 85' lang='lat' dir='ltr'><strong>affecit.</strong></span> <span class='ocrx_word' id='word_1_95' title='bbox 874 2307 931 2382; x_wconf 86' lang='lat' dir='ltr'><strong>Sic</strong></span> <span class='ocrx_word' id='word_1_96' title='bbox 956 2309 1049 2382; x_wconf 88' lang='lat' dir='ltr'><strong>enim</strong></span> <span class='ocrx_word' id='word_1_97' title='bbox 1067 2307 1116 2381; x_wconf 90' lang='lat' dir='ltr'><strong>illi</strong></span> <span class='ocrx_word' id='word_1_98' title='bbox 1141 2335 1218 2408; x_wconf 79' lang='lat' dir='ltr'><strong>gra·</strong></span> 
     </span>
     <span class='ocr_line' id='line_1_15' title="bbox 219 2434 1268 2537; baseline 0 -29"><span class='ocrx_word' id='word_1_99' title='bbox 219 2436 285 2508; x_wconf 81' lang='lat' dir='ltr'><strong>tias</strong></span> <span class='ocrx_word' id='word_1_100' title='bbox 318 2435 390 2533; x_wconf 79' lang='lat' dir='ltr'><strong>agis</strong></span> <span class='ocrx_word' id='word_1_101' title='bbox 415 2434 460 2507; x_wconf 88' lang='lat' dir='ltr'><strong>de</strong></span> <span class='ocrx_word' id='word_1_102' title='bbox 486 2462 523 2508; x_wconf 84' lang='lat' dir='ltr'><strong>re</strong></span> <span class='ocrx_word' id='word_1_103' title='bbox 549 2435 707 2536; x_wconf 87' lang='lat' dir='ltr'><strong>publiea,</strong></span> <span class='ocrx_word' id='word_1_104' title='bbox 742 2450 812 2509; x_wconf 90' lang='lat' dir='ltr'><strong>tam</strong></span> <span class='ocrx_word' id='word_1_105' title='bbox 845 2436 1050 2537; x_wconf 74' lang='lat' dir='ltr'><strong>suppliciter</strong></span> <span class='ocrx_word' id='word_1_106' title='bbox 1081 2457 1123 2508; x_wconf 86' lang='lat' dir='ltr'><strong>ao</strong></span> <span class='ocrx_word' id='word_1_107' title='bbox 1157 2435 1219 2508; x_wconf 89' lang='lat' dir='ltr'><strong>de·</strong></span> <span class='ocrx_word' id='word_1_108' title='bbox 1265 2483 1268 2489; x_wconf 91' lang='lat'><em>·</em></span> 
     </span>
     <span class='ocr_line' id='line_1_16' title="bbox 217 2560 1216 2661; baseline 0.004 -31"><span class='ocrx_word' id='word_1_109' title='bbox 217 2560 321 2632; x_wconf 85' lang='lat' dir='ltr'><strong>misse</strong></span> <span class='ocrx_word' id='word_1_110' title='bbox 345 2560 455 2660; x_wconf 88' lang='lat' dir='ltr'><strong>(quid</strong></span> <span class='ocrx_word' id='word_1_111' title='bbox 481 2560 654 2632; x_wconf 74' lang='lat' dir='ltr'><strong>scribam?</strong></span> <span class='ocrx_word' id='word_1_112' title='bbox 689 2561 800 2661; x_wconf 87' lang='lat' dir='ltr'><strong>pudet</strong></span> <span class='ocrx_word' id='word_1_113' title='bbox 830 2561 1041 2635; x_wconf 88' lang='lat' dir='ltr'><strong>conditionis</strong></span> <span class='ocrx_word' id='word_1_114' title='bbox 1074 2586 1115 2633; x_wconf 86' lang='lat' dir='ltr'><strong>ac</strong></span> <span class='ocrx_word' id='word_1_115' title='bbox 1148 2561 1216 2634; x_wconf 87' lang='lat' dir='ltr'><strong>sor-</strong></span> 
     </span>
     <span class='ocr_line' id='line_1_17' title="bbox 216 2685 1214 2782; baseline 0.001 -26"><span class='ocrx_word' id='word_1_116' title='bbox 216 2699 344 2782; x_wconf 88' lang='lat' dir='ltr'><strong>tonae,</strong></span> <span class='ocrx_word' id='word_1_117' title='bbox 376 2687 438 2758; x_wconf 86' lang='lat' dir='ltr'><strong>sed</strong></span> <span class='ocrx_word' id='word_1_118' title='bbox 472 2699 588 2758; x_wconf 87' lang='lat' dir='ltr'><strong>tamen</strong></span> <span class='ocrx_word' id='word_1_119' title='bbox 623 2686 848 2760; x_wconf 85' lang='lat' dir='ltr'><strong>scribendum</strong></span> <span class='ocrx_word' id='word_1_120' title='bbox 880 2699 955 2776; x_wconf 85' lang='lat' dir='ltr'><strong>est)</strong></span> <span class='ocrx_word' id='word_1_121' title='bbox 990 2685 1214 2759; x_wconf 83' lang='lat' dir='ltr'><strong>commendas</strong></span> 
     </span>
     <span class='ocr_line' id='line_1_18' title="bbox 215 2795 1214 2914; baseline 0 -32"><span class='ocrx_word' id='word_1_122' title='bbox 215 2819 370 2885; x_wconf 83' lang='lat' dir='ltr'><strong>nostram</strong></span> <span class='ocrx_word' id='word_1_123' title='bbox 388 2795 630 2884; x_wconf 50' lang='lat' dir='ltr'><strong>saiatem&#39;illi:</strong></span> <span class='ocrx_word' id='word_1_124' title='bbox 654 2838 742 2913; x_wconf 86' lang='lat' dir='ltr'><strong>quae</strong></span> <span class='ocrx_word' id='word_1_125' title='bbox 769 2825 882 2885; x_wconf 86' lang='lat' dir='ltr'><strong>morte</strong></span> <span class='ocrx_word' id='word_1_126' title='bbox 908 2836 974 2914; x_wconf 90' lang='lat' dir='ltr'><strong>qua</strong></span> <span class='ocrx_word' id='word_1_127' title='bbox 1002 2834 1074 2897; x_wconf 82' lang='lat' dir='ltr'><strong>non</strong></span> <span class='ocrx_word' id='word_1_128' title='bbox 1100 2813 1214 2912; x_wconf 81' lang='lat' dir='ltr'><strong>perni-</strong></span> 
     </span>
     <span class='ocr_line' id='line_1_19' title="bbox 214 2936 1213 3039; baseline 0.001 -31"><span class='ocrx_word' id='word_1_129' title='bbox 214 2937 361 3010; x_wconf 73' lang='lat' dir='ltr'><strong>ciosior?</strong></span> <span class='ocrx_word' id='word_1_130' title='bbox 387 2948 426 3010; x_wconf 89' lang='lat' dir='ltr'><strong>nt</strong></span> <span class='ocrx_word' id='word_1_131' title='bbox 452 2963 595 3039; x_wconf 87' lang='lat' dir='ltr'><strong>prorsus</strong></span> <span class='ocrx_word' id='word_1_132' title='bbox 620 2964 704 3039; x_wconf 84' lang='lat' dir='ltr'><strong>prae</strong></span> <span class='ocrx_word' id='word_1_133' title='bbox 730 2953 764 3011; x_wconf 88' lang='lat' dir='ltr'><strong>te</strong></span> <span class='ocrx_word' id='word_1_134' title='bbox 794 2939 902 3037; x_wconf 81' lang='lat' dir='ltr'><strong>feras,</strong></span> <span class='ocrx_word' id='word_1_135' title='bbox 932 2957 1006 3011; x_wconf 86' lang='lat' dir='ltr'><strong>non</strong></span> <span class='ocrx_word' id='word_1_136' title='bbox 1038 2936 1213 3010; x_wconf 79' lang='lat' dir='ltr'><strong>sublatam</strong></span> 
     </span>
     <span class='ocr_line' id='line_1_20' title="bbox 214 3061 1213 3162; baseline -0.001 -28"><span class='ocrx_word' id='word_1_137' title='bbox 214 3061 510 3162; x_wconf 85' lang='lat' dir='ltr'><strong>dominationem,</strong></span> <span class='ocrx_word' id='word_1_138' title='bbox 543 3062 605 3137; x_wconf 88' lang='lat' dir='ltr'><strong>sed</strong></span> <span class='ocrx_word' id='word_1_139' title='bbox 639 3065 821 3139; x_wconf 87' lang='lat' dir='ltr'><strong>dominum</strong></span> <span class='ocrx_word' id='word_1_140' title='bbox 848 3065 1101 3137; x_wconf 84' lang='lat' dir='ltr'><strong>commutatum</strong></span> <span class='ocrx_word' id='word_1_141' title='bbox 1128 3088 1213 3136; x_wconf 87' lang='lat' dir='ltr'><strong>esse.</strong></span> 
     </span>
     <span class='ocr_line' id='line_1_21' title="bbox 210 3187 1213 3290; baseline 0.002 -31"><span class='ocrx_word' id='word_1_142' title='bbox 210 3187 328 3263; x_wconf 85' lang='lat' dir='ltr'><strong>Verba</strong></span> <span class='ocrx_word' id='word_1_143' title='bbox 348 3205 406 3262; x_wconf 88' lang='lat' dir='ltr'><strong>toa</strong></span> <span class='ocrx_word' id='word_1_144' title='bbox 428 3215 657 3290; x_wconf 83' lang='lat' dir='ltr'><strong>recognosce,</strong></span> <span class='ocrx_word' id='word_1_145' title='bbox 683 3206 719 3264; x_wconf 87' lang='lat' dir='ltr'><strong>et</strong></span> <span class='ocrx_word' id='word_1_146' title='bbox 744 3191 834 3265; x_wconf 88' lang='lat' dir='ltr'><strong>aude</strong></span> <span class='ocrx_word' id='word_1_147' title='bbox 860 3217 1004 3289; x_wconf 82' lang='lat' dir='ltr'><strong>negare,</strong></span> <span class='ocrx_word' id='word_1_148' title='bbox 1029 3189 1213 3262; x_wconf 82' lang='lat' dir='ltr'><strong>servientis</strong></span> 
     </span>
     <span class='ocr_line' id='line_1_22' title="bbox 211 3315 1212 3423; baseline 0.002 -39"><span class='ocrx_word' id='word_1_149' title='bbox 211 3315 377 3392; x_wconf 84' lang='lat' dir='ltr'><strong>adversus</strong></span> <span class='ocrx_word' id='word_1_150' title='bbox 403 3343 518 3415; x_wconf 83' lang='lat' dir='ltr'><strong>regem</strong></span> <span class='ocrx_word' id='word_1_151' title='bbox 545 3320 629 3390; x_wconf 83' lang='lat' dir='ltr'><strong>istas</strong></span> <span class='ocrx_word' id='word_1_152' title='bbox 655 3344 729 3390; x_wconf 87' lang='lat' dir='ltr'><strong>esse</strong></span> <span class='ocrx_word' id='word_1_153' title='bbox 754 3343 886 3418; x_wconf 85' lang='lat' dir='ltr'><strong>preces.</strong></span> <span class='ocrx_word' id='word_1_154' title='bbox 911 3316 1031 3388; x_wconf 84' lang='lat' dir='ltr'><strong>Vnum</strong></span> <span class='ocrx_word' id='word_1_155' title='bbox 1050 3316 1099 3388; x_wconf 88' lang='lat' dir='ltr'><strong>ais</strong></span> <span class='ocrx_word' id='word_1_156' title='bbox 1117 3340 1192 3389; x_wconf 87' lang='lat' dir='ltr'><strong>esse</strong></span> <span class='ocrx_word' id='word_1_157' title='bbox 1200 3364 1212 3423; x_wconf 92' lang='lat'><strong>,</strong></span> 
     </span>
     <span class='ocr_line' id='line_1_23' title="bbox 211 3442 1209 3544; baseline -0.004 -29"><span class='ocrx_word' id='word_1_158' title='bbox 211 3445 306 3544; x_wconf 88' lang='lat' dir='ltr'><strong>quod</strong></span> <span class='ocrx_word' id='word_1_159' title='bbox 332 3443 376 3516; x_wconf 92' lang='lat' dir='ltr'><strong>ab</strong></span> <span class='ocrx_word' id='word_1_160' title='bbox 402 3470 451 3516; x_wconf 87' lang='lat' dir='ltr'><strong>eo</strong></span> <span class='ocrx_word' id='word_1_161' title='bbox 471 3443 667 3544; x_wconf 83' lang='lat' dir='ltr'><strong>postuletur</strong></span> <span class='ocrx_word' id='word_1_162' title='bbox 692 3459 728 3516; x_wconf 89' lang='lat' dir='ltr'><strong>et</strong></span> <span class='ocrx_word' id='word_1_163' title='bbox 752 3456 988 3543; x_wconf 84' lang='lat' dir='ltr'><strong>exspectetur:</strong></span> <span class='ocrx_word' id='word_1_164' title='bbox 1014 3456 1054 3514; x_wconf 87' lang='lat' dir='ltr'><strong>ut</strong></span> <span class='ocrx_word' id='word_1_165' title='bbox 1080 3466 1140 3514; x_wconf 86' lang='lat' dir='ltr'><strong>eos</strong></span> <span class='ocrx_word' id='word_1_166' title='bbox 1163 3442 1209 3512; x_wconf 83' lang='lat' dir='ltr'><strong>ci-</strong></span> 
     </span>
     <span class='ocr_line' id='line_1_24' title="bbox 209 3569 1207 3672; baseline -0.004 -30"><span class='ocrx_word' id='word_1_167' title='bbox 209 3595 288 3665; x_wconf 82' lang='lat' dir='ltr'><strong>ves,</strong></span> <span class='ocrx_word' id='word_1_168' title='bbox 321 3569 366 3642; x_wconf 84' lang='lat' dir='ltr'><strong>&lt;ie</strong></span> <span class='ocrx_word' id='word_1_169' title='bbox 399 3569 525 3672; x_wconf 89' lang='lat' dir='ltr'><strong>quibus</strong></span> <span class='ocrx_word' id='word_1_170' title='bbox 558 3572 623 3642; x_wconf 79' lang='lat' dir='ltr'><strong>riri</strong></span> <span class='ocrx_word' id='word_1_171' title='bbox 655 3570 739 3642; x_wconf 88' lang='lat' dir='ltr'><strong>boni</strong></span> <span class='ocrx_word' id='word_1_172' title='bbox 766 3569 995 3669; x_wconf 70' lang='lat' dir='ltr'><strong>,populusque</strong></span> <span class='ocrx_word' id='word_1_173' title='bbox 1028 3569 1207 3640; x_wconf 84' lang='lat' dir='ltr'><strong>Romanus</strong></span> 
     </span>
     <span class='ocr_line' id='line_1_25' title="bbox 206 3693 1205 3791; baseline -0.001 -24"><span class='ocrx_word' id='word_1_174' title='bbox 206 3697 297 3767; x_wconf 81' lang='lat' dir='ltr'><strong>bane</strong></span> <span class='ocrx_word' id='word_1_175' title='bbox 324 3697 513 3789; x_wconf 79' lang='lat' dir='ltr'><strong>existimet,</strong></span> <span class='ocrx_word' id='word_1_176' title='bbox 538 3696 653 3768; x_wconf 81' lang='lat' dir='ltr'><strong>salvos</strong></span> <span class='ocrx_word' id='word_1_177' title='bbox 680 3695 771 3767; x_wconf 73' lang='lat' dir='ltr'><strong>velit.</strong></span> <span class='ocrx_word' id='word_1_178' title='bbox 802 3694 921 3786; x_wconf 86' lang='lat' dir='ltr'><strong>Quidt</strong></span> <span class='ocrx_word' id='word_1_179' title='bbox 946 3697 975 3766; x_wconf 92' lang='lat' dir='ltr'><strong>si</strong></span> <span class='ocrx_word' id='word_1_180' title='bbox 1000 3693 1110 3791; x_wconf 87' lang='lat' dir='ltr'><strong>nolit,</strong></span> <span class='ocrx_word' id='word_1_181' title='bbox 1132 3717 1205 3766; x_wconf 87' lang='lat' dir='ltr'><strong>non</strong></span> 
     </span>
     <span class='ocr_line' id='line_1_26' title="bbox 208 3817 1298 3923; baseline 0 -32"><span class='ocrx_word' id='word_1_182' title='bbox 208 3820 356 3893; x_wconf 70' lang='lat' dir='ltr'><strong>erimus?</strong></span> <span class='ocrx_word' id='word_1_183' title='bbox 388 3821 496 3921; x_wconf 81' lang='lat' dir='ltr'><strong>Atqui</strong></span> <span class='ocrx_word' id='word_1_184' title='bbox 529 3847 600 3892; x_wconf 88' lang='lat' dir='ltr'><strong>non</strong></span> <span class='ocrx_word' id='word_1_185' title='bbox 631 3849 721 3919; x_wconf 79' lang='lat' dir='ltr'><strong>esso,</strong></span> <span class='ocrx_word' id='word_1_186' title='bbox 757 3848 862 3923; x_wconf 88' lang='lat' dir='ltr'><strong>quam</strong></span> <span class='ocrx_word' id='word_1_187' title='bbox 895 3847 970 3894; x_wconf 87' lang='lat' dir='ltr'><strong>esse</strong></span> <span class='ocrx_word' id='word_1_188' title='bbox 1002 3846 1066 3920; x_wconf 92' lang='lat' dir='ltr'><strong>per</strong></span> <span class='ocrx_word' id='word_1_189' title='bbox 1090 3817 1209 3915; x_wconf 89' lang='lat' dir='ltr'><strong>iilum,</strong></span> <span class='ocrx_word' id='word_1_190' title='bbox 1296 3820 1298 3825; x_wconf 74' lang='grc'><strong>’</strong></span> 
     </span>
     <span class='ocr_line' id='line_1_27' title="bbox 206 3947 1206 4049; baseline -0.001 -29"><span class='ocrx_word' id='word_1_191' title='bbox 206 3958 367 4048; x_wconf 78' lang='lat' dir='ltr'><strong>praestat.</strong></span> <span class='ocrx_word' id='word_1_192' title='bbox 401 3948 496 4046; x_wconf 77' lang='lat' dir='ltr'><strong>Ego,</strong></span> <span class='ocrx_word' id='word_1_193' title='bbox 521 3947 657 4021; x_wconf 88' lang='lat' dir='ltr'><strong>medius</strong></span> <span class='ocrx_word' id='word_1_194' title='bbox 683 3949 804 4049; x_wconf 83' lang='lat' dir='ltr'><strong>fidius,</strong></span> <span class='ocrx_word' id='word_1_195' title='bbox 828 3973 901 4022; x_wconf 89' lang='lat' dir='ltr'><strong>non</strong></span> <span class='ocrx_word' id='word_1_196' title='bbox 927 3949 1108 4043; x_wconf 78' lang='lat' dir='ltr'><strong>existimo,</strong></span> <span class='ocrx_word' id='word_1_197' title='bbox 1134 3961 1206 4019; x_wconf 83' lang='lat' dir='ltr'><strong>tam</strong></span> 
     </span>
    </p>
   </div>
   <div class='ocr_carea' id='block_1_6' title="bbox 0 0 1316 4830">
    <p class='ocr_par' dir='ltr' id='par_1_6' title="bbox 0 0 1316 4830">
     <span class='ocr_line' id='line_1_28' title="bbox 0 0 1316 4830; baseline 0 6"><span class='ocrx_word' id='word_1_198' title='bbox 0 0 1316 4830; x_wconf 95' lang='lat' dir='ltr'><strong> </strong></span> 
     </span>
    </p>
   </div>
  </div>
 </body>
</html>
