2624 4830
236 414 305 486 312
590 433 768 484 misr-ors.
794 434 851 484 xv.
1007 435 1088 486 ur.
1108 438 1202 502 cen

234 564 326 611 mam
344 533 616 609 benivolentiam
633 537 809 635 pervenit,
826 535 999 609 sublatum
1018 564 1094 610 esse
1113 540 1228 616 debet

234 662 341 734 Fibus
368 675 447 733 tuus
473 686 492 733 a
518 686 574 734 me
600 660 707 735 abest.
734 662 775 733 In
801 660 1006 735 Macedonia
1029 666 1228 763 congredie-

234 815 319 860 mur.
345 786 462 861 Iussus
486 799 538 859 est
556 787 647 858 enim
665 782 849 860 Ambracia
869 787 995 860 ducere
1013 791 1147 890 equites
1165 818 1228 890 per

234 910 468 1010 Thessaliam,
493 925 529 984 et
546 911 668 1012 scripsi
686 911 731 985 ad
749 939 846 1011 eum,
863 927 901 984 ut
919 911 1004 984 mihi
1022 914 1227 990 Heracleam

234 1050 438 1112 occurreret.
457 1038 575 1129 Quum
593 1064 672 1111 eum
690 1038 829 1135 videro,
847 1039 1011 1139 quoniam
1030 1039 1133 1112 nobis
1150 1068 1228 1140 per-

233 1165 359 1263 mittis,
392 1165 622 1237 communiter
654 1165 904 1236 constituemus
940 1163 983 1236 de
1014 1164 1129 1237 reditu
1156 1168 1229 1240 eius

234 1289 279 1361 ad
304 1290 528 1388 petitionem,
553 1302 614 1362 aut
639 1289 684 1361 ad
710 1288 1051 1362 commendationem
1076 1290 1227 1365 honoris.

235 1414 315 1486 Tibi
354 1414 537 1514 Glycona,
570 1414 744 1488 medicum
782 1417 941 1514 Pansae,
974 1418 1033 1518 qui
1074 1409 1229 1491 sororem

234 1534 409 1625 Achilleos
435 1539 544 1612 nostri
570 1541 606 1611 in
633 1542 853 1614 matrimonio
884 1539 1006 1637 habet,
1040 1541 1229 1641 diligentis·

235 1662 320 1736 sime
346 1665 565 1738 commendo.
590 1666 762 1739 Audimus
787 1693 866 1737 eum
897 1668 1032 1740 venisse
1058 1670 1094 1739 iu
1121 1670 1230 1768 suspi-

235 1790 372 1863 cionem
398 1789 579 1893 Torquato
606 1791 649 1864 de
675 1806 788 1866 morte
812 1794 964 1890 Pansae,
995 1793 1231 1895 custodirique

235 1931 275 1988 ut
299 1917 518 2017 parricidam.
551 1917 645 1992 Nihil
670 1921 785 1992 miuus
810 1918 1024 1992 credendum
1055 1933 1117 1992 est.
1145 1921 1232 2012 Quis

235 2044 326 2115 euim
353 2046 519 2117 maiorem
543 2045 775 2118 calamitatem
793 2058 906 2118 morte
922 2047 1057 2118 Pansae
1076 2045 1231 2146 accepitl

235 2169 419 2243 Praeterea
446 2186 499 2242 est
525 2172 702 2244 modestus
733 2172 839 2244 homo
866 2187 901 2243 et
926 2172 1031 2270 frugi:
1058 2198 1160 2272 quem
1188 2199 1232 2243 ne

237 2294 365 2366 utilitas
392 2297 533 2396 quidem
558 2297 720 2368 videatur
744 2296 934 2397 impulsura
962 2298 1067 2369 fuisse
1086 2299 1131 2370 ad
1150 2300 1233 2371 laci·

236 2448 311 2494 nus.
337 2423 435 2519 Rogo
462 2436 511 2517 te,
537 2436 572 2493 et
597 2422 738 2522 quidem
757 2423 860 2496 valde
886 2448 971 2521 rogo
999 2433 1100 2514 (nam
1119 2423 1233 2495 Achil-

235 2546 309 2619 leus
338 2561 551 2619 nosternon
580 2548 709 2641 minus,
735 2574 839 2646 quarn
866 2575 1012 2648 aequum
1040 2563 1110 2644 est,
1137 2549 1230 2619 labo-

235 2684 330 2770 rat),
355 2674 479 2771 eripias
505 2699 582 2744 eum
601 2698 642 2744 ex
660 2674 837 2772 custodia,
862 2701 1125 2774 conservesque.
1152 2676 1232 2747 Hoc

239 2823 302 2896 ego
331 2799 376 2871 ad
399 2825 517 2870 meum
542 2799 694 2870 officium
720 2800 934 2897 privatarum
960 2827 1094 2898 rerum,
1124 2827 1233 2901 aeque

237 2940 341 3028 atque
358 2925 466 2998 ullam
484 2924 586 2998 aliam
613 2951 705 3023 rem,
730 2928 903 3025 pertinere
930 2926 1087 2999 arbitror.
1115 2927 1234 3019 Quum

236 3050 299 3125 has
330 3052 374 3124 ad
400 3067 435 3124 te
461 3053 647 3126 scriberem
681 3050 815 3149 literas,
840 3053 884 3125 ab
911 3053 1026 3125 Satrio
1052 3051 1167 3150 legato
1194 3053 1233 3124 C.

237 3176 403 3251 Trebonii
440 3178 575 3251 reddita
611 3191 663 3250 est
701 3177 785 3248 mihi
823 3177 970 3278 epistola
1004 3204 1023 3249 a
1057 3176 1164 3249 Tillio
1198 3191 1234 3248 et

235 3306 424 3403 Deiotaro,
459 3304 676 3379 Dolabellam
715 3332 851 3377 caesum
887 3305 1111 3404 fugatumque
1151 3330 1234 3376 esse.
1283 3377 1286 3383 ,

221 3433 407 3508 Graecam
432 3431 615 3532 epistolam
641 3431 705 3504 tibi
732 3432 808 3503 misi
834 3431 1004 3530 Cyclrerei
1033 3430 1235 3526 cuiusdam,

234 3557 281 3631 ad
305 3559 457 3630 Satrium
483 3560 631 3630 missam.
656 3556 797 3629 Flavius
824 3570 941 3628 noster
966 3553 1009 3627 de
1028 3569 1231 3629 controver-

235 3684 302 3781 sia,
328 3710 430 3783 quam
456 3682 562 3755 habet
587 3710 667 3756 cum
692 3682 943 3782 Dyrrhachinis
963 3681 1233 3776 hereditariam,

235 3811 359 3881 sumsit
383 3824 418 3880 te
447 3809 606 3881 iudicem.
641 3811 738 3906 Rogo
772 3824 827 3904 te,
858 3810 1000 3901 Cicero,
1027 3824 1062 3879 et
1088 3807 1232 3880 Flavius

236 3950 353 4038 rogat,
378 3960 449 4010 rem
475 3937 648 4013 conficias.
677 3937 770 4025 Quin
798 3938 845 4031 ei,
876 3939 933 4036 qui
962 3934 1122 4007 Flavium
1149 3931 1230 4003 lecit
