2624 4830
253 427 318 498 168
531 440 699 490 arrarum
727 439 941 488 ncccxxxvu.
1016 436 1146 487 nnn
1163 451 1210 500 ,a

367 671 425 722 Ser.
446 668 584 740 Eporediae
602 671 632 720 A.
652 668 684 718 V.
703 669 732 718 C.
752 620 856 731 dccx,
875 664 952 716 vm!
973 663 1030 715 Kar.
1049 664 1106 717 qu-

253 861 290 923 Ι).
308 859 459 947 Burrus
477 860 558 922 IMP.
575 857 761 922 COS.1)ES.
778 857 819 918 M.
836 855 873 920 Τ.
890 853 1078 918 CICERONI
1096 856 1126 918 S.
1143 853 1176 919 Ρ.
1192 855 1227 916 Ι).

293 1045 401 1141 Quod
425 1072 490 1147 pro
515 1072 571 1140 me
595 1070 668 1119 non
694 1045 799 1143 facio,
816 1043 852 1116 id
869 1068 935 1144 pro
954 1055 989 1114 te
1006 1042 1119 1130 facere
1136 1068 1233 1116 amor

244 1199 342 1247 meus
373 1173 411 1244 iu
443 1187 507 1245 te¹
535 1186 662 1272 tuaque
695 1171 809 1245 officia
843 1181 989 1268 cogunt,
1019 1182 1059 1241 ut
1083 1170 1230 1242 timeam.

241 1299 356 1399 Saepe
388 1299 480 1371 enim
512 1296 596 1370 mihi
629 1324 735 1398 quum
768 1311 859 1370 esset
891 1295 1040 1392 dictum,
1072 1319 1232 1396 nemea

244 1450 301 1496 me
320 1437 550 1525 contemtum,
574 1423 761 1495 novissime
786 1422 905 1494 Labeo
929 1420 1104 1519 Segulius,
1126 1420 1232 1494 homo

244 1549 310 1620 sibi
334 1548 526 1621 simillimus
544 1564 568 1648 ²,
592 1562 718 1659 narrat⁴
735 1548 838 1645 milri,
869 1546 963 1647 apud
984 1548 1173 1620 Caesarem
1196 1574 1232 1621 se

243 1672 363 1772 fuisse,
386 1673 600 1779 multumque
626 1699 822 1748 sermonem
848 1672 892 1744 de
916 1688 950 1745 te
966 1671 1127 1745 habitum
1143 1680 1231 1746 esse:

243 1799 359 1899 ipsum
392 1801 573 1873 Caesarem
605 1799 691 1874 nihil
723 1825 806 1872 saue
835 1798 879 1871 de
904 1812 938 1870 te
965 1811 1144 1899 questum,
1167 1799 1231 1871 nisi

239 1923 375 2018 ,dictum
390 1929 415 2023 ³,
432 1924 528 2026 quod
545 1924 691 2025 diceret,
711 1939 743 1998 te
760 1925 903 2022 dixisse,
919 1921 1135 1997 laudandum
1152 1918 1231 1999 ado-

242 2050 453 2148 lescentem,
485 2051 702 2151 ornandum,
731 2049 924 2124 tollendum
940 2047 975 2146 43
998 2075 1035 2122 se
1059 2074 1135 2122 non
1159 2076 1230 2124 ease

243 2179 523 2276 commissurum,
546 2192 586 2249 ut
609 2176 684 2250 tolli
709 2178 826 2277 possit.
853 2177 931 2249 Hoc
949 2200 1013 2272 ego
1029 2175 1230 2250 Labeonem

243 2301 348 2372 oredo
373 2301 420 2372 illi
446 2302 617 2400 retulisse,
643 2317 702 2375 aut
726 2305 865 2375 finxisse
891 2302 1023 2373 dictum
1041 2303 1073 2400 ⁵3
1097 2326 1171 2374 non
1187 2301 1229 2374 ab

241 2425 462 2498 adolescente
486 2427 670 2526 prolatum.
695 2429 890 2500 Veteranos
915 2416 1005 2501 vero¹
1018 2427 1168 2526 pessime
1183 2426 1229 2501 lo·

242 2553 320 2652 qui,
345 2551 485 2625 volebat
509 2553 628 2626 Labeo
653 2581 708 2626 me
735 2555 892 2653 credere,
917 2567 952 2626 et
977 2553 1040 2626 tibi
1058 2552 1102 2627 ab
1120 2555 1162 2627 iis
1178 2556 1250 2627 iri·-

241 2689 333 2747 stare
360 2678 570 2776 pericnlum,
602 2682 818 2782 maximeque
851 2679 1039 2779 indignari,
1072 2680 1169 2782 quud
1193 2682 1229 2752 in

241 2799 478 2875 decemviris⁶
502 2830 614 2906 neque
640 2807 784 2903 Caesar,
812 2832 924 2907 neque
949 2831 1014 2904 ego
1039 2805 1153 2879 habiri
1177 2833 1228 2879 es·

240 2953 371 3026 semus,
396 2943 500 3029 atque
524 2931 639 3003 omnia
667 2931 711 3002 ad
737 2947 890 3005 vestrum
909 2931 1089 3004 arbitrium
1116 2946 1227 3006 essent

240 3052 374 3127 collata.
407 3056 502 3128 Haec
535 3083 641 3157 quum
674 3056 861 3155 audissem,
886 3073 921 3130 et
945 3058 1014 3128 iarn
1039 3059 1076 3129 in
1109 3060 1226 3131 itinere

239 3206 348 3253 essem
362 3200 387 3279 7,
411 3183 700 3256 committendum
724 3184 881 3257 nondum
908 3184 1043 3282 putavi,
1070 3187 1166 3283 prius
1190 3196 1226 3260 ut

237 3304 345 3406 Alpes
377 3310 647 3408 transgrederer,
681 3335 804 3411 quarn,
836 3308 920 3409 quid
949 3309 1027 3381 istic
1057 3324 1225 3409 ageretur,

237 3432 370 3504 scirem.
396 3434 485 3507 Nam
512 3437 556 3509 de
581 3451 642 3509 tuo
668 3435 822 3536 periculo
836 3437 862 3533 ⁸,
879 3434 981 3507 crede
1005 3434 1114 3535 mihi,
1127 3438 1225 3509 iacta·

238 3553 334 3626 tione
359 3559 563 3658 verborum,
586 3577 622 3636 et
648 3562 910 3640 denuntiatione
927 3560 1072 3661 periculi
1090 3585 1224 3664 sperare

238 3700 315 3775 eos,
341 3694 375 3753 te
400 3687 654 3785 pertimefacto,
679 3686 901 3761 adolescente
917 3685 1070 3789 impulso
1083 3706 1109 3786 9,
1125 3712 1223 3789 posse

237 3825 363 3900 magua
397 3815 560 3912 consequi
593 3815 764 3912 praemia,
793 3827 963 3886 ettotam
989 3815 1092 3886 istam
1118 3814 1223 3886 canti-

239 3924 353 4002 lenam
379 3959 421 4005 ex
448 3935 514 4007 hoe
541 3938 709 4037 pendere,
735 3952 774 4010 ut
800 3966 903 4040 quam
929 3940 1117 4039 plurimum
1143 3942 1224 4015 lucri
