2624 4830
478 417 652 472 aristoni
679 424 833 474 necxcvr.
935 421 966 474 a
984 423 1019 470 v.
1036 421 1066 470 c.
1084 434 1131 486 μ.

541 652 765 728 DCCXCVL
909 694 962 754 (ss
976 693 1031 745 nn.
1045 694 1084 754 x,
1098 694 1133 752 s)

157 837 377 919 Argumentum
399 832 509 894 Denuo
529 831 675 893 Plancum
696 830 735 892 ad
756 829 975 914 suscipiendam
995 831 1154 893 tuendam-

197 965 259 1027 que
277 963 343 1006 rem
362 939 517 1025 publicam
538 939 667 1002 stimulis
687 938 801 1021 gloriae
822 941 952 1020 instigat.

335 1166 390 1221 Ser.
408 1166 505 1220 Romae
522 1167 554 1220 A.
572 1164 604 1217 V.
624 1165 652 1221 C.
671 1163 777 1232 nect,
794 1181 882 1218 meuse
899 1162 977 1218 Febr.

407 1433 412 1445 1
469 1357 614 1422 CICERO
638 1354 796 1420 PLANCO
822 1354 851 1418 S.

207 1547 316 1623 Binas
332 1573 351 1620 a
369 1559 404 1620 te
421 1548 542 1647 accepi
558 1544 675 1620 literas
693 1544 819 1620 eodem
836 1543 1000 1647 exemplo
1017 1561 1047 1618 ¹:
1064 1545 1157 1650 quod

158 1674 275 1777 ipsum
295 1688 534 1773 argumento²
561 1672 646 1744 mihi
671 1672 737 1745 fuit
763 1670 961 1771 diligentiae
988 1684 1077 1745 tuae.
1102 1673 1158 1746 In·

160 1801 277 1878 tellexi
294 1801 404 1898 enim,
429 1814 464 1874 te
488 1799 667 1898 laborare,
684 1813 724 1871 ut
741 1797 787 1871 ad
805 1823 861 1871 me
879 1798 964 1871 mihi
981 1813 1157 1900 exspecta·

159 1930 340 2005 tissimae³
356 1927 477 2002 literae
494 1926 736 2029 perferrentur.
762 1924 817 2000 Ex
833 1923 960 2026 quibus
977 1926 1058 2025 cepi
1074 1925 1159 1999 frue-

160 2070 237 2130 tum
258 2054 452 2156 duplicem,
474 2055 630 2156 mihique
646 2055 685 2126 in
702 2053 967 2153 comparatione
985 2051 1159 2126 difficilem

162 2181 209 2254 ad
224 2181 469 2281 iudicandum,
494 2190 696 2256 amoremne
713 2205 793 2279 erga
813 2204 870 2250 me
887 2191 1004 2278 tuum,
1029 2204 1075 2252 an
1093 2179 1161 2252 ani·

163 2332 261 2379 mum
285 2308 323 2378 in
347 2333 421 2383 rena
447 2307 627 2407 publicam
651 2305 761 2406 pluris
788 2302 1044 2378 aestimandum
1062 2317 1161 2405 puta·

163 2457 247 2506 rem.
271 2434 339 2506 Est
363 2434 507 2506 omnino
532 2434 668 2533 patriae
689 2433 831 2531 caritas,
857 2456 935 2504 meo
953 2431 1095 2533 quidem
1112 2433 1162 2504 iu·

164 2558 272 2658 dicio,
297 2560 463 2633 maxima:
486 2559 549 2633 sed
567 2585 665 2633 amor
685 2558 942 2660 voluntatisque
960 2558 1159 2632 coniunctio

160 2683 242 2786 plus
267 2697 361 2758 certe
386 2683 493 2760 habet
517 2686 707 2759 suavitatis.
733 2687 857 2788 Itaque
875 2685 1161 2759 commemoratio

162 2823 244 2884 tuae
261 2820 428 2912 paternae
440 2812 724 2912 necessitudinis,
739 2809 1067 2914 benivolentiaeque
1080 2812 1163 2909 eius,

162 2962 269 3039 quam
293 2963 374 3038 erga
399 2965 455 3014 me
478 2941 663 3043 apueritia
690 2937 897 3013 contulisses
909 2935 937 3040 i,
953 2950 1168 3041 ceterarum·¹

163 3088 231 3165 que
248 3089 379 3163 rerum,
405 3093 493 3168 quae
511 3067 652 3142 adeam
669 3066 905 3140 sententiam⁵
922 3063 1163 3167 pertinebant,

161 3187 402 3268 incredibilem
419 3193 506 3266 mihi
522 3193 691 3271 laetitiam
709 3192 901 3267 attulerunt
912 3195 937 3264 ⁶.
954 3194 1086 3266 Rursus
1104 3191 1163 3266 de·

164 3313 308 3391 claratio
334 3320 442 3392 animi
467 3322 534 3420 tui,
560 3347 666 3423 quem
691 3320 837 3393 haberes
864 3319 907 3392 de
941 3343 978 3392 re
1008 3317 1165 3419 publica,

164 3467 338 3545 quemque
355 3444 536 3521 habiturus
554 3474 664 3547 esses,
688 3446 775 3519 mihi
801 3459 876 3519 erat
900 3445 1166 3541 iucundissima,

164 3589 277 3668 eoque
300 3573 414 3644 maior
439 3587 513 3646 erat
537 3574 625 3647 haec
649 3572 802 3670 laetitia,
826 3571 951 3673 quod?
969 3572 1016 3644 ad
1032 3571 1091 3644 illa
1108 3596 1165 3644 su·

163 3692 302 3790 periora
335 3696 534 3772 accedebat.
566 3702 690 3801 Itaque
722 3711 756 3770 te
788 3723 861 3771 non
885 3698 1011 3771 hortor
1036 3696 1167 3791 solum,

164 3816 213 3886 mi
237 3816 384 3921 Plance,
416 3823 479 3896 sed
504 3823 608 3923 plane
634 3824 739 3897 etiam
766 3848 829 3897 oro
846 3825 873 3922 ⁸,
898 3821 995 3925 quod
1020 3821 1088 3895 leci
1114 3820 1165 3892 his

145 3936 289 4042 literis,
306 3946 433 4048 quibus
452 3949 756 4028 inhumanissime
780 3947 1009 4049 respondisti,
1034 3961 1073 4021 ut
1093 3959 1165 4020 tota
