2624 4830
236 411 306 503 242
544 428 713 477 aarsroua
742 431 898 478 ncccnrv.
1013 431 1097 481 nv.
1115 434 1144 482 c.
1163 446 1210 496 7¹·

231 536 315 609 eitia
337 559 413 606 mea
429 546 534 635 atque
550 532 721 630 Caesaris,
746 531 840 606 lianc
856 531 926 631 ‚filii
941 530 1021 607 loco
1038 548 1075 606 et
1090 534 1181 610 iliius
1198 552 1234 610 et

231 675 351 738 vestm
367 676 400 711 ²³
424 658 554 733 iudicio
579 658 825 757 substitutum,
851 685 924 734 non
947 661 1098 761 proinde
1115 664 1148 712 ²³
1170 663 1233 737 ha·

231 786 330 887 bere,
346 800 448 890 turpe
464 786 550 861 mihi
566 786 706 860 videtur
719 784 760 858 ²4.
779 786 865 886 Sed,
882 787 1050 889 quicquid
1067 789 1133 861 tibi
1150 792 1233 863 scri-

229 910 294 1014 bo,
319 912 479 989 dolenter
502 911 699 987 mehercule
725 915 852 1013 magis,
885 940 990 1018 quam
1015 915 1156 988 inimice
1182 915 1233 989 sa·

175 1078 180 1086 ·
223 1041 298 1131 ,eiu
330 1040 438 1136 Quod
470 1040 561 1114 vivit
584 1040 755 1112 Antonius
787 1039 911 1138 hodie,
944 1040 1042 1144 quod
1074 1041 1230 1142 Lepidus

230 1194 302 1243 uua
326 1182 399 1267 est,
424 1167 521 1269 quod
545 1168 716 1240 exercitus
742 1166 876 1240 habent
899 1193 974 1241 uon
999 1181 1229 1241 contemnen-

230 1295 312 1393 dos,
335 1293 432 1396 quod
448 1307 607 1394 sperant,
629 1292 727 1394 quod
744 1293 893 1390 audent5
917 1320 1022 1368 omne
1036 1295 1068 1344 ²⁵
1085 1295 1229 1368 Caesari

230 1436 415 1522 acceptum
446 1420 572 1494 referre
603 1434 760 1520 possunt
792 1421 915 1522 Neque
948 1446 1013 1520 ego
1045 1423 1226 1521 superiora

227 1561 400 1648 repetam:
424 1547 487 1621 sed
512 1573 555 1619 ex
580 1572 622 1620 eo
649 1560 821 1648 tempore,
846 1573 918 1650 quo
942 1549 1019 1648 ipse
1044 1548 1131 1620 mihi
1149 1573 1230 1648 pro·
1295 1520 1300 1536 ⁶

227 1672 337 1748 fessus
367 1687 421 1746 est
445 1700 482 1747 se
509 1675 641 1773 venire,
665 1676 695 1746 si
720 1675 838 1747 venire
864 1672 1049 1773 voluisset,
1076 1688 1138 1746 aut
1164 1700 1228 1774 op·

227 1826 385 1902 pressum
403 1800 474 1873 iam
489 1799 621 1873 bellum
646 1815 753 1899 esset,
779 1814 841 1873 aut
859 1800 898 1874 in
918 1802 1174 1875 aversissimam
1190 1799 1230 1873 il·

227 1925 270 2002 lis
287 1931 320 1980 ²⁶
343 1928 550 2029 Hispaniam
576 1954 657 2000 cum
691 1927 901 2001 detrimento
927 1953 1048 2001 eorum
1074 1928 1227 2001 maximo

227 2068 415 2130 extrusum.
442 2057 542 2147 Quae
568 2081 666 2128 mens
692 2082 793 2153 eum,
822 2068 883 2127 aut
906 2080 1057 2155 quorum
1077 2053 1227 2128 eousiiia

226 2207 247 2254 a
274 2196 370 2256 tanta
398 2182 523 2281 gloria,
553 2181 621 2254 sibi
646 2207 729 2255 vero
755 2181 860 2253 etiam
886 2172 1085 2253 necessaria‘
1106 2205 1147 2253 ac
1173 2205 1229 2252 sa·

224 2304 384 2406 lotario,
401 2309 596 2407 avocarint,
621 2321 657 2380 et
682 2307 728 2379 ad
754 2286 1004 2406 cogitationem
1026 2305 1229 2380 consulatus

224 2430 399 2507 bimestris
412 2434 444 2483 ²⁸
462 2459 599 2506 summo
625 2459 706 2505 cum
732 2448 865 2507 terrore
890 2432 1089 2532 hominum,
1114 2446 1151 2506 et
1174 2434 1227 2504 in·

225 2559 317 2634 sulsa
344 2586 425 2632 cum
454 2558 700 2658 efflagitatione
734 2559 973 2634 transtulerint
990 2576 1032 2656 ²9,
1058 2573 1226 2659 exputare

224 2712 300 2760 non
323 2712 477 2787 possum.
504 2687 652 2758 Multum
678 2689 716 2758 in
740 2687 807 2759 hac
826 2712 863 2760 re
882 2686 967 2758 mihi
984 2685 1152 2759 videntur
1167 2712 1226 2757 no·

224 2813 362 2887 cessarii
388 2814 461 2885 eius
487 2827 522 2884 et
548 2815 597 2885 rei
628 2813 789 2912 publicae
816 2827 852 2884 et
876 2814 985 2912 ipsius
1012 2839 1116 2885 causa
1141 2839 1224 2912 pro·

223 2943 326 3014 ficere
344 2965 463 3039 posse:
489 2939 695 3038 plurimum,
722 2955 761 3012 ut
777 2953 880 3040 puto,
899 2953 936 3010 tu
954 2964 1109 3040 quoque:
1128 2939 1225 3010 cuius

221 3065 279 3139 ille
313 3080 408 3139 tanta
441 3069 563 3138 merita
596 3065 703 3138 habet
721 3069 762 3165 ³⁰,
787 3080 917 3167 quauta
950 3090 1056 3138 nemo
1082 3078 1221 3164 praeter

220 3219 287 3268 me.
312 3192 512 3295 Numquam
542 3194 635 3265 enim
665 3192 869 3292 obliviscar,
899 3193 1049 3264 maxima
1077 3217 1117 3263 ac
1144 3187 1221 3290 plu·

219 3322 307 3394 rima
332 3347 389 3393 me
423 3320 487 3393 tihi
519 3318 655 3393 debere.
687 3322 741 3394 De
773 3319 828 3392 his
860 3316 964 3391 rebus
998 3331 1039 3389 ut
1072 3316 1222 3413 exigeret

220 3472 301 3519 cum
332 3473 373 3520 eo
392 3448 433 3543 ³¹,
458 3448 590 3519 Furnio
626 3447 798 3519 mandavi.
832 3442 939 3538 Quod
972 3444 1019 3540 si7
1053 3455 1218 3542 quantam

219 3570 331 3644 debeo
351 3574 392 3670 ³²,
415 3571 571 3646 habuero
598 3573 695 3673 apud
721 3599 801 3645 eum
827 3571 1092 3667 auctoritatem,
1117 3566 1220 3666 pluri·

119 3700 123 3709 '
217 3721 314 3769 mum
340 3699 456 3797 ipsum
486 3700 619 3772 iuvero.
654 3699 730 3773 Nos
757 3701 889 3771 interea
924 3696 1064 3769 duriore
1099 3693 1220 3766 condi·

218 3823 314 3895 tione
339 3821 470 3895 bellum
495 3826 721 3926 sustinemus,
758 3824 856 3926 quod
885 3848 1000 3924 neque
1033 3819 1221 3920 expeditis·

217 3947 341 4024 simam
363 3950 394 3998 ³³
430 3949 689 4026 dimicationem
726 3966 914 4052 putamus,
942 3965 1066 4047 ‚utque
1106 3960 1221 4017 tamen
