2624 4830
486 453 522 501 ru
547 446 728 500 mrsronss
1027 420 1098 517 46⁵
1204 482 1213 505 ,

78 601 86 626 ,
141 558 317 620 mulctatum
338 555 435 616 fuisse.
456 555 495 616 At
511 557 632 636 cogitari
653 556 702 614 vix
721 563 833 636 potest,
854 555 949 636 inquit
968 546 1102 635 Ernest,

142 668 276 729 Sdannm
296 684 390 725 unum
414 675 476 724 tam
502 662 679 746 locupletem
705 661 810 740 fuisse,
830 672 865 721 ut
886 681 920 722 ex
940 663 1003 723 eius
1023 664 1101 744 egris

142 772 253 855 aliquid
282 771 373 832 tribui
404 770 502 831 multis
533 773 696 854 potuisset3
721 778 752 831 et
777 780 881 831 contra
908 771 1036 857 scimus,
1062 768 1101 831 de
1155 784 1159 794 ·

142 882 269 942 Sullanis
289 881 367 960 agris
388 900 476 961 saepe
496 881 526 938 in
546 889 650 941 senatu
676 888 776 938 actum
802 877 907 956 fuisse,
934 897 1100 961 eorumque

139 1009 321 1072 possessores
341 987 461 1070 publica
481 986 590 1057 invidia
610 986 775 1069 laborasse3
796 997 831 1047 ut
851 988 946 1046 innuit
967 988 1029 1067 ipse
1049 984 1102 1046 Vi·

133 1100 262 1157 storius.

106 1205 143 1280 14
163 1203 249 1264 Amb.
270 1201 291 1263 6
311 1202 346 1262 L.
368 1222 471 1273 armo,
493 1200 594 1282 sperof.⁸
615 1199 688 1262 Hiu
710 1202 835 1283 legiones
852 1221 930 1282 paro
951 1221 974 1263 s.
998 1202 1045 1262 De
1065 1221 1099 1261 re

143 1310 245 1371 confer
264 1331 309 1392 ep.
329 1310 383 1370 DC
390 1309 511 1370 ccxnl
533 1312 611 1370 circa
630 1307 680 1370 fin.

106 1417 141 1479 15
161 1418 266 1478 Lamb.
277 1417 379 1499 fuerit.
400 1418 470 1479 Mor
489 1438 565 1500 opus
584 1439 647 1478 esse
667 1416 779 1479 habent
798 1436 902 1479 omnes
919 1418 1012 1477 nostri
1028 1435 1098 1476 cum

140 1526 247 1586 Graev.
268 1525 441 1586 At·Ernest
463 1528 524 1586 sine
543 1547 616 1587 esse.
637 1526 718 1585 Tum
738 1523 843 1586 Lamb.
864 1545 928 1584 esse
938 1523 1123 1607 putaveris..

103 1631 139 1693 16
160 1634 209 1693 Sic
230 1633 353 1692 Corrad.
375 1645 405 1694 et
425 1633 580 1694 Schiitzius
595 1655 612 1693 e
625 1632 711 1693 codd.
731 1631 896 1712 nonnullis,
915 1644 945 1692 et
964 1633 1005 1691 sic
1025 1642 1099 1692 tem·
1142 1632 1147 1642 “

138 1744 218 1823 poris
232 1744 307 1800 ratio
323 1740 461 1823 postulat.
483 1740 561 1801 Vide
582 1740 662 1801 diem
682 1743 712 1800 in
731 1761 791 1822 seq.
808 1742 890 1822 epist.
904 1738 1009 1800 Lamb.
1027 1736 1063 1798 V
1058 1735 1100 1797 II

139 1847 210 1908 Kal.
239 1848 295 1908 Alii
322 1848 409 1908 codd.
441 1846 494 1908 VI
516 1847 607 1920 Kal„
633 1848 716 1930 quod
742 1847 917 1909 Benedictus
948 1844 1096 1929 praetulit.

139 1956 219 2016 Tum
240 1957 348 2016 Graes.
369 1955 456 2038 Ian,
477 1976 596 2036 errore,
615 1967 706 2039 puto,
726 1975 894 2038 operarum.

454 2274 734 2344 ucccxxxvut.

100 2512 112 2551 r
137 2493 226 2553 Recte
248 2491 286 2553 de
306 2514 339 2554 re
359 2494 441 2576 publ.
462 2516 543 2556 nunc
555 2496 664 2556 sentire
677 2496 807 2573 videtur,
827 2514 922 2577 quum
936 2502 1024 2554 antea
1037 2490 1098 2552 du·
1175 2536 1180 2548 .

137 2598 220 2660 bium
243 2603 368 2662 maxime
382 2623 414 2663 se
427 2602 616 2686 praebuerim
636 2625 703 2686 epp.
716 2601 865 2662 Dcccxl
880 2612 911 2662 et
923 2596 1096 2663 Dcccxv.

135 2707 183 2767 De
203 2709 287 2768 nobis
307 2730 363 2791 pro
385 2709 422 2770 de
443 2712 573 2793 republ.
595 2711 683 2793 dixit,
698 2721 731 2771 ut
743 2705 1097 2772 Manutiusanimadveo-

135 2814 184 2894 tit3
204 2816 258 2874 nisi
277 2818 426 2898 scripserit
446 2829 606 2900 utrumque
626 2817 780 2880 commode
799 2817 838 2878 de
857 2838 889 2878 re
906 2815 990 2900 publ.
1011 2812 1097 2875 nobis

133 2923 238 2980 sentire
258 2920 378 2982 videtur.

93 3046 112 3085 2
134 3027 223 3109 Apud
243 3028 398 3110 Lepidum.
429 3032 537 3092 Tribus
557 3065 597 3088 -ι
616 3053 732 3105 exerc„
760 3033 909 3111 Caesaris,
934 3028 1037 3090 Planci
1066 3037 1098 3087 et

135 3145 165 3193 et
179 3154 255 3195 meo.
271 3134 395 3198 Corrad.
418 3137 511 3199 Aliter
523 3141 683 3220 Graevius,
703 3143 754 3221 qui
767 3140 868 3199 aliena
882 3138 1000 3219 exponit
1013 3132 1095 3217 apud

134 3239 289 3302 Caesarem
304 3256 334 3304 et
345 3245 522 3328 veteranos,
536 3258 566 3307 et
577 3247 668 3307 nibus
678 3269 777 3309 exerc.
792 3250 1004 3326 interpretatur
1014 3262 1094 3320 meo,

131 3347 234 3407 Planci
255 3360 285 3409 et
305 3352 423 3435 Lepidi:
445 3353 528 3433 quod
545 3357 641 3415 minus
656 3354 760 3437 probo.
780 3353 928 3434 Pmpriis,
950 3350 1089 3407 nimirum
1216 3374 1219 3379 ¹

132 3457 333 3519 constantibus
354 3471 383 3521 et
403 3472 550 3542 perpetuo
576 3482 645 3521 cum
665 3483 698 3521 re
719 3460 799 3543 publ.
825 3456 1013 3519 facientibus:
1035 3475 1092 3537 op-

129 3566 250 3644 ponitur·
276 3567 391 3627 alienis.
423 3568 463 3627 Et
486 3570 641 3651 proprium
666 3589 728 3629 esse
758 3581 895 3628 constans
918 3577 1092 3649 perpelww‘

131 3668 233 3731 docuit
253 3674 389 3736 Donatus
403 3676 442 3735 ad
456 3677 577 3738 Terent
599 3675 675 3738 And.
697 3677 749 3759 IV,
770 3676 804 3759 3,
824 3697 852 3756 ι,
873 3685 903 3736 et
922 3683 1023 3738 noster
1035 3692 1093 3763 pro

129 3777 202 3858 Leg.
224 3779 304 3840 ilion.
327 3803 351 3841 c
378 3782 421 3845 16.
443 3785 488 3844 lta
509 3784 635 3846 Cortius.

89 3883 109 3940 3
130 3881 203 3944 Post
223 3887 376 3949 victoriam
397 3890 604 3954 Mutinensem.

89 3990 110 4064 4
132 3989 174 4049 Vt
192 3992 295 4054 Labeo
317 3996 536 4084 Seguli11330p.
558 4022 622 4083 sup.
646 3999 772 4065 comet.

133 4094 239 4157 Cicer.
262 4099 336 4162 Leu.
361 4101 394 4164 Τ.
417 4102 452 4165 Χ.
528 4104 533 4113 ’
934 4103 975 4163 3⁰
1035 4090 1039 4097 Ι
