2624 4830
243 418 311 517 196
538 439 708 487 mrsrous
737 440 919 488 ncccxnur.
1017 439 1198 506 lumem

237 566 393 640 gnosces.
408 542 459 614 Et
475 539 616 642 quidem
633 538 744 614 multo
761 542 899 640 parcius
916 539 1037 641 scripsi
1050 555 1090 612 ¹¹.
1106 544 1222 618 Mirari

236 666 326 743 noli:
349 668 438 740 mira
463 679 518 739 est
540 690 661 740 eorum
685 667 845 739 amentia.
869 665 943 739 Nec
967 690 1024 737 me
1049 693 1147 740 meae
1170 667 1220 741 ul·

235 790 291 868 lac
322 792 486 893 privatim
516 792 662 866 iniuriae
693 805 923 893 umquam123
948 790 1058 865 malus
1088 794 1220 868 animus

237 943 359 993 eornm
388 920 426 990 in
456 931 576 990 nostra
607 916 731 1016 solute,
763 915 935 1016 cupiditas
967 918 1119 1018 partium
1143 916 1221 990 elia·

235 1071 331 1141 mm,
355 1045 612 1145 perseverantia
637 1045 674 1116 in
699 1044 935 1117 contemtione
959 1044 1085 1143 optimi
1110 1046 1219 1117 cuius-

237 1195 305 1272 que
321 1168 462 1243 l'crenda
479 1169 565 1242 mibi
581 1195 654 1243 non
678 1169 751 1241 luit
777 1169 851 1242 Nec
868 1182 984 1241 tamon
1002 1194 1124 1242 omnes
1149 1196 1220 1269 per-

237 1295 330 1368 ditos
354 1321 429 1367 esse
445 1308 542 1395 puto.
568 1293 637 1367 Sed
654 1295 760 1366 iidem
778 1294 844 1392 illi,
868 1295 1019 1396 quitum
1037 1293 1219 1394 fugientem

235 1433 370 1520 patrem
388 1446 504 1494 meum
519 1421 559 1519 ¹³,
575 1421 633 1522 qui
649 1422 689 1491 L.
705 1419 908 1518 Lentulum,
923 1421 983 1520 qui
1002 1421 1221 1520 Pompeium,

236 1545 297 1646 qni
314 1559 448 1617 ceteros
460 1547 555 1618 viros
572 1545 779 1622 clarissimos
798 1571 870 1618 non
886 1560 1105 1645 receperunt,
1118 1545 1220 1618 iidem

236 1682 415 1770 tamquam
441 1669 558 1771 aliquo
582 1670 654 1744 fato
671 1684 708 1743 et
723 1696 818 1743 nunc
834 1686 895 1743 aut
912 1671 1149 1769 magistratum
1166 1697 1220 1768 ge·

235 1809 320 1875 runt
337 1794 378 1893 ¹4,
403 1810 464 1868 aut
494 1790 574 1893 eos,
602 1797 660 1896 qui
691 1798 834 1868 suntin
860 1796 1078 1895 magistratu,
1102 1797 1139 1868 in
1162 1822 1219 1868 sua

235 1917 368 1993 babent
392 1935 574 2022 potestate.
601 1924 724 2023 Itaque
749 1921 870 1994 eadem
895 1920 1058 2020 superbia
1083 1923 1120 1993 in
1145 1946 1220 2021 pra-

235 2047 344 2120 vitate
371 2061 525 2120 utuntur.
558 2047 716 2143 Quorum
749 2045 1009 2145 improbitatem
1034 2044 1218 2147 aliquando

235 2171 396 2271 retundi,
425 2186 461 2244 et
492 2199 564 2248 non
594 2175 667 2272 pati
698 2174 908 2272 impunitate
927 2172 956 2231 ¹⁵
986 2172 1121 2271 augeri,
1153 2195 1221 2242 non

234 2294 348 2372 solum
382 2296 466 2368 utile
495 2313 547 2372 est
573 2299 620 2375 rei
646 2296 804 2400 publicae
837 2311 991 2397 nostrae,
1024 2295 1088 2374 sed
1121 2296 1220 2368 ctiam

235 2446 477 2495 necessarium.

285 2545 307 2620 3
332 2547 385 2623 De
409 2559 528 2621 nostra
555 2545 741 2645 dignitate,
766 2548 886 2647 velim,
906 2547 968 2620 tibi
986 2561 1024 2619 ut
1041 2574 1178 2654 semper
1193 2549 1220 2596 ¹⁶

235 2696 338 2742 curae
355 2672 415 2742 sit:
441 2684 493 2769 et,
519 2697 738 2774 quocumque
757 2689 913 2773 tempore
930 2673 1149 2747 occasionem
1167 2672 1222 2744 ha·

233 2793 366 2892 buccis,
390 2810 426 2868 et
442 2797 485 2892 ,iu
510 2812 631 2869 senatu
658 2813 694 2870 et
718 2802 754 2871 in
781 2800 903 2873 ceteris
928 2798 1030 2871 rebus
1053 2797 1221 2871 landino

234 2933 326 2996 strae
351 2920 546 3019 suffragere.
574 2924 727 3021 Quando
747 2941 774 2991 ¹7
802 2923 999 3003 consulibus
1017 2923 1157 3002 decreta
1173 2935 1222 2994 est

234 3047 334 3144 Asia,
359 3060 394 3120 et
419 3049 623 3155 permissum
656 3065 709 3124 est
734 3053 792 3148 iis,
824 3065 879 3148 ut,
912 3048 995 3121 dum
1029 3051 1096 3149 ipsi
1129 3048 1221 3125 veni·

234 3187 328 3272 rent,
361 3174 483 3247 darent
515 3178 710 3274 negotium,
743 3179 801 3277 qui
827 3179 944 3255 Asiam
977 3174 1161 3251 obtineant
1178 3173 1220 3242 ¹⁸:

233 3325 320 3398 rogo
346 3313 394 3398 te,
420 3316 518 3399 petas
544 3301 587 3378 ab
613 3305 672 3402 iis,
698 3316 735 3374 ut
761 3302 851 3377 hanc
886 3302 1091 3399 dignitatem
1116 3300 1220 3401 potis·

234 3426 359 3498 simum
395 3426 497 3504 uobis
531 3427 701 3528 tribuant,
732 3442 768 3500 et
802 3427 885 3500 mibi
912 3426 998 3498 dent
1030 3426 1220 3522 negotium,

234 3560 275 3617 ut
298 3551 416 3624 Asiam
442 3552 635 3652 obtineam,
668 3553 750 3625 dum
784 3556 937 3653 ipsorum
971 3551 1136 3625 alteruter
1167 3574 1220 3622 ve·

234 3671 288 3745 nit
306 3686 343 3743 ¹9.
369 3673 475 3773 Nam,
501 3678 596 3776 quod
613 3679 681 3751 buc
699 3693 887 3777 properent
911 3679 946 3748 iu
973 3677 1174 3774 magistratu
1189 3689 1217 3720 ²·

235 3794 370 3892 venire,
395 3812 455 3870 aut
480 3804 667 3875 exercitum
700 3805 851 3902 mittere,
884 3828 1023 3875 causam
1056 3825 1129 3874 uon
1161 3799 1218 3870 ba-

233 3915 328 4001 benb
359 3920 538 4000 Dolabella
567 3929 659 4001 enim
685 3931 722 4002 in
734 3931 846 4036 'Syria
872 3944 942 4026 cst3
967 3942 1019 4025 et,
1045 3939 1085 3999 ut
1109 3942 1147 4000 tu
1173 3920 1221 3999 di·
