2624 4830
231 419 305 512 406
598 439 855 489 errorlrtorrs

270 543 483 626 interponerem
505 540 587 622 quod
603 552 762 622 utrumque
777 539 915 623 probavit
928 540 1092 616 Graevius,
1111 552 1230 602 notatus

272 649 314 710 ah·
330 648 484 732 Ernestio,
503 651 555 729 qui
566 647 679 730 seceris
704 668 767 708 esse
794 646 955 707 dicendum
980 651 1106 709 monuit
1130 650 1167 709 lt
1183 649 1230 730 se-

271 758 346 818 ceris
365 754 443 816 bene
464 754 603 816 cohaeret
626 776 695 814 cum
722 755 869 836 reiwrges,
895 754 978 836 quod
1006 754 1125 816 volebat
1151 755 1231 816 idern

273 863 443 946 Ernestius3
457 862 589 944 faceres,
611 864 820 944 interponeres,
843 883 910 922 cum
927 863 1071 942 seiunge,
1092 875 1128 924 ut
1140 862 1231 944 vulgo

274 971 381 1032 editur.
402 971 481 1032 lofra
502 970 647 1031 Graevius
667 991 719 1029 nec
735 971 867 1052 populo,
887 990 980 1050 neque
1000 970 1143 1053 cuiquam
1163 972 1191 1030 b.

673 1291 801 1352 occet.

240 1528 250 1567 r
274 1507 353 1566 Sane
372 1527 467 1565 annus
487 1509 547 1565 iam
568 1526 586 1564 a
606 1517 701 1566 morte
729 1505 861 1566 Caesaris
885 1515 1100 1587 praecesserat,
1120 1515 1151 1564 et
1171 1507 1234 1563 hn-

275 1615 372 1673 tonius
391 1613 518 1673 Brutum
538 1612 671 1672 Mutinae
692 1611 864 1689 obsidebat,
885 1633 979 1694 quum
993 1611 1120 1670 Plancus
1133 1610 1234 1670 adhuc

275 1723 435 1782 exercitum
449 1741 536 1780 suum
550 1719 588 1779 ad
602 1720 836 1793 subveniendum
851 1723 963 1802 patriae
977 1718 1151 1800 periclitanti
1173 1739 1234 1777 non

275 1827 429 1910 movebat3
450 1826 518 1886 ideo
539 1825 619 1909 apud
646 1847 747 1886 omnes
775 1826 851 1886 male
878 1827 982 1886 audire
1010 1836 1158 1907 coeperat.
1187 1827 1234 1883 De

277 1957 314 1996 eo
335 1938 376 1995 ait
396 1935 527 1996 Velleius
547 1936 611 1995 Pat.
634 1934 750 2013 11‚63:
773 1935 902 1994 Plancus
927 1934 1037 2011 dubia,
1063 1933 1155 2008 idest,
1177 1955 1234 1993 ,παι

263 2041 352 2126 fide,
379 2043 446 2116 diu,
473 2063 602 2126 quarum
628 2055 703 2102 esset
725 2043 871 2124 partium,
899 2064 997 2102 secum
1024 2043 1168 2115 hetatru,
1196 2063 1235 2101 ac

275 2150 334 2209 sibi
351 2150 472 2244 difficile
492 2152 686 2223 consentiens,
707 2164 735 2211 et
753 2172 830 2210 nunc
849 2149 971 2212 adiutor
989 2151 1028 2210 D.
1051 2151 1138 2210 Bruti
1156 2148 1236 2209 desi·

272 2259 357 2338 prati
375 2279 435 2318 cos.
455 2258 585 2338 collegae
609 2257 670 2330 sui,
698 2259 868 2340 semotique
893 2280 924 2319 se
950 2258 1040 2319 literis
1064 2256 1235 2329 venditam,

275 2382 351 2423 mox
369 2363 500 2424 eiusdem
518 2363 655 2445 proditor
673 2365 737 2426 fuit.

236 2467 362 2531 allmb.
391 2467 426 2530 15
452 2473 596 2552 sequenti.-
624 2472 705 2530 Tum
730 2471 816 2531 amb.
842 2471 863 2533 6
889 2483 920 2534 et
946 2472 1005 2532 Zel.
1026 2473 1053 2532 Δ
1074 2472 1119 2532 illi
1141 2473 1238 2553 polli-

276 2576 409 2638 cendum.

236 2683 505 2765 dsuspensionem
525 2684 646 2764 quidem
667 2685 811 2760 admittit,
833 2686 884 2746 sed
909 2690 939 2748 in
966 2710 1001 2747 ea
1028 2687 1147 2769 culpam
1172 2710 1237 2748 esse

276 2802 373 2873 negat.
397 2791 536 2873 Optime
548 2796 651 2853 mentis
664 2795 807 2875 cogitate,
830 2808 899 2870 etc,
921 2795 972 2855 sed
995 2798 1141 2878 optimum
1162 2818 1238 2878 pro-

275 2900 420 2989 positum,
441 2900 524 2980 quod
545 2920 663 2984 semper
682 2901 790 2986 habui,
810 2904 889 2964 volui
911 2915 1081 2987 opportuno
1102 2914 1132 2963 et
1152 2925 1239 2962 com-

278 3006 369 3066 modo
390 3017 524 3090 tempore
545 3009 741 3072 manifestare.

236 3114 257 3190 4
277 3112 429 3194 Significat
448 3115 501 3177 Cn.
523 3117 699 3199 Pompeium
722 3120 883 3201 Magnum,
907 3123 958 3202 qui
979 3119 1149 3179 adolescens
1170 3139 1238 3177 ma-

276 3243 349 3304 gnos
370 3222 498 3284 honores
518 3225 639 3305 habuit,
660 3227 743 3308 quod
762 3248 818 3309 pro
839 3250 872 3286 re
892 3227 975 3310 pubi.
996 3238 1098 3286 contra
1118 3225 1236 3286 Sullam

275 3333 370 3414 stetit,
392 3343 581 3415 ceterosque,
601 3337 653 3415 qui
674 3333 750 3395 Phil.
772 3336 811 3413 V,
837 3334 872 3395 16
892 3346 922 3395 et
935 3357 1013 3416 seqq.
1027 3338 1237 3415 nominantur3

274 3438 328 3498 sed
347 3443 507 3522 praecipue
528 3441 685 3502 Caesarem
707 3443 921 3522 Octavianum,
943 3444 980 3504 de
993 3464 1054 3524 quo
1067 3442 1154 3526 plura
1168 3442 1237 3502 loco

274 3548 322 3604 cit.
344 3556 374 3605 et
394 3547 470 3606 Phil.
492 3549 550 3629 xl,
571 3547 599 3609 8.

233 3648 254 3711 5
274 3651 338 3728 Sic,
351 3665 512 3734 praeeunte
527 3665 556 3714 et
569 3660 734 3736 corrigente
749 3659 906 3737 Lambino,
921 3664 1098 3720 recentiores
1114 3679 1237 3738 omnes,

273 3768 393 3840 praeter
413 3761 583 3823 Graevium.
604 3765 674 3826 Mss.
696 3787 799 3827 omnes
828 3779 966 3850 corrupte
992 3789 1101 3848 ntegra
1122 3767 1153 3826 in
1174 3789 1237 3848 spe.

235 3860 257 3924 6
277 3864 384 3926 Ambb.
407 3866 468 3927 duo
488 3883 704 3953 temperassem.

237 3992 255 4051 7
278 3971 371 4048 Quasi
392 3974 483 4058 dicat,
503 3982 554 4060 qui
575 3981 691 4063 perdita
712 3980 829 4043 lortuna
851 3994 934 4063 sunt,
955 3985 1007 4066 qni
1028 3981 1173 4061 flagitiose
1195 3986 1238 4044 ri-
