<?xml version="1.0" encoding="UTF-8"?>
<!DOCTYPE html PUBLIC "-//W3C//DTD XHTML 1.0 Transitional//EN"
    "http://www.w3.org/TR/xhtml1/DTD/xhtml1-transitional.dtd">
<html xmlns="http://www.w3.org/1999/xhtml" xml:lang="en" lang="en">
 <head>
  <title>
</title>
<meta http-equiv="Content-Type" content="text/html;charset=utf-8" />
  <meta name='ocr-system' content='tesseract 3.04.00' />
  <meta name='ocr-capabilities' content='ocr_page ocr_carea ocr_par ocr_line ocrx_word'/>
</head>
<body>
  <div class='ocr_page' id='page_1' title='image "./mtulliiciceroni17cicegoog_0294.png"; bbox 0 0 2624 4830; ppageno 0'>
   <div class='ocr_carea' id='block_1_1' title="bbox 228 381 1235 735">
    <p class='ocr_par' dir='ltr' id='par_1_1' title="bbox 228 381 1235 735">
     <span class='ocr_line' id='line_1_1' title="bbox 232 381 1208 468; baseline 0.008 -24"><span class='ocrx_word' id='word_1_1' title='bbox 232 381 305 454; x_wconf 78' lang='lat'><strong>288</strong></span> <span class='ocrx_word' id='word_1_2' title='bbox 582 399 753 449; x_wconf 74' lang='lat' dir='ltr'><strong>cessrunt</strong></span> <span class='ocrx_word' id='word_1_3' title='bbox 779 402 858 450; x_wconf 78' lang='lat' dir='ltr'><strong>vna.</strong></span> <span class='ocrx_word' id='word_1_4' title='bbox 1009 402 1040 449; x_wconf 75' lang='lat' dir='ltr'><strong>s.</strong></span> <span class='ocrx_word' id='word_1_5' title='bbox 1058 405 1092 452; x_wconf 87' lang='lat' dir='ltr'><strong>v.</strong></span> <span class='ocrx_word' id='word_1_6' title='bbox 1110 405 1139 452; x_wconf 90' lang='lat' dir='ltr'><strong>c.</strong></span> <span class='ocrx_word' id='word_1_7' title='bbox 1158 418 1208 468; x_wconf 64' lang='grc' dir='ltr'><strong>,ιι</strong></span> 
     </span>
     <span class='ocr_line' id='line_1_2' title="bbox 229 500 1232 603; baseline 0.007 -26"><span class='ocrx_word' id='word_1_8' title='bbox 229 504 296 577; x_wconf 88' lang='lat' dir='ltr'><strong>nisi</strong></span> <span class='ocrx_word' id='word_1_9' title='bbox 321 514 523 603; x_wconf 82' lang='lat' dir='ltr'><strong>praetorum</strong></span> <span class='ocrx_word' id='word_1_10' title='bbox 556 503 697 577; x_wconf 87' lang='lat' dir='ltr'><strong>comitia</strong></span> <span class='ocrx_word' id='word_1_11' title='bbox 732 500 884 575; x_wconf 87' lang='lat' dir='ltr'><strong>habituri</strong></span> <span class='ocrx_word' id='word_1_12' title='bbox 917 517 1035 577; x_wconf 87' lang='lat' dir='ltr'><strong>esseut</strong></span> <span class='ocrx_word' id='word_1_13' title='bbox 1059 506 1232 584; x_wconf 77' lang='lat' dir='ltr'><strong>consules</strong></span> 
     </span>
     <span class='ocr_line' id='line_1_3' title="bbox 228 626 1235 735; baseline 0.008 -32"><span class='ocrx_word' id='word_1_14' title='bbox 228 627 320 704; x_wconf 90' lang='lat' dir='ltr'><strong>Nam</strong></span> <span class='ocrx_word' id='word_1_15' title='bbox 336 626 385 701; x_wconf 94' lang='lat' dir='ltr'><strong>illi</strong></span> <span class='ocrx_word' id='word_1_16' title='bbox 404 629 452 700; x_wconf 90' lang='lat' dir='ltr'><strong>ita</strong></span> <span class='ocrx_word' id='word_1_17' title='bbox 478 628 642 701; x_wconf 81' lang='lat' dir='ltr'><strong>sentienti</strong></span> <span class='ocrx_word' id='word_1_18' title='bbox 669 627 713 701; x_wconf 93' lang='lat' dir='ltr'><strong>de</strong></span> <span class='ocrx_word' id='word_1_19' title='bbox 739 653 776 701; x_wconf 91' lang='lat' dir='ltr'><strong>re</strong></span> <span class='ocrx_word' id='word_1_20' title='bbox 801 626 942 728; x_wconf 89' lang='lat' dir='ltr'><strong>publica</strong></span> <span class='ocrx_word' id='word_1_21' title='bbox 969 655 1098 730; x_wconf 81' lang='lat' dir='ltr'><strong>magno</strong></span> <span class='ocrx_word' id='word_1_22' title='bbox 1121 658 1235 735; x_wconf 88' lang='lat' dir='ltr'><strong>opere</strong></span> 
     </span>
    </p>
   </div>
   <div class='ocr_carea' id='block_1_2' title="bbox 54 742 1239 858">
    <p class='ocr_par' dir='ltr' id='par_1_2' title="bbox 54 742 1239 858">
     <span class='ocr_line' id='line_1_4' title="bbox 54 742 1239 858; baseline 0.013 -36"><span class='ocrx_word' id='word_1_23' title='bbox 54 742 62 759; x_wconf 65' lang='lat'>²</span> <span class='ocrx_word' id='word_1_24' title='bbox 152 746 158 798; x_wconf 68' lang='lat'><strong>&#39;-</strong></span> <span class='ocrx_word' id='word_1_25' title='bbox 229 768 352 830; x_wconf 79' lang='lat' dir='ltr'><strong>auctor</strong></span> <span class='ocrx_word' id='word_1_26' title='bbox 384 755 455 853; x_wconf 83' lang='lat' dir='ltr'><strong>rui,</strong></span> <span class='ocrx_word' id='word_1_27' title='bbox 486 780 531 827; x_wconf 91' lang='lat' dir='ltr'><strong>ne</strong></span> <span class='ocrx_word' id='word_1_28' title='bbox 564 752 720 829; x_wconf 77' lang='lat' dir='ltr'><strong>differret</strong></span> <span class='ocrx_word' id='word_1_29' title='bbox 752 769 891 858; x_wconf 87' lang='lat' dir='ltr'><strong>tempus</strong></span> <span class='ocrx_word' id='word_1_30' title='bbox 925 757 1105 856; x_wconf 82' lang='lat' dir='ltr'><strong>petitionis</strong></span> <span class='ocrx_word' id='word_1_31' title='bbox 1139 767 1239 836; x_wconf 65' lang='lat' dir='ltr'><strong>suae.⁴</strong></span> 
     </span>
    </p>
   </div>
   <div class='ocr_carea' id='block_1_3' title="bbox 223 880 1230 2379">
    <p class='ocr_par' dir='ltr' id='par_1_3' title="bbox 223 880 1230 2379">
     <span class='ocr_line' id='line_1_5' title="bbox 227 880 1229 993; baseline 0 -34"><span class='ocrx_word' id='word_1_32' title='bbox 227 883 336 960; x_wconf 87' lang='lat' dir='ltr'><strong>Cuius</strong></span> <span class='ocrx_word' id='word_1_33' title='bbox 368 882 497 956; x_wconf 86' lang='lat' dir='ltr'><strong>sactum</strong></span> <span class='ocrx_word' id='word_1_34' title='bbox 531 880 693 955; x_wconf 91' lang='lat' dir='ltr'><strong>omnibus</strong></span> <span class='ocrx_word' id='word_1_35' title='bbox 730 895 866 980; x_wconf 82' lang='lat' dir='ltr'><strong>gratum</strong></span> <span class='ocrx_word' id='word_1_36' title='bbox 900 907 975 957; x_wconf 86' lang='lat' dir='ltr'><strong>esse</strong></span> <span class='ocrx_word' id='word_1_37' title='bbox 1009 882 1137 984; x_wconf 87' lang='lat' dir='ltr'><strong>debet,</strong></span> <span class='ocrx_word' id='word_1_38' title='bbox 1170 888 1229 993; x_wconf 85' lang='lat' dir='ltr'><strong>qui</strong></span> 
     </span>
     <span class='ocr_line' id='line_1_6' title="bbox 227 1006 1230 1114; baseline 0.004 -30"><span class='ocrx_word' id='word_1_39' title='bbox 227 1006 337 1086; x_wconf 90' lang='lat' dir='ltr'><strong>modo</strong></span> <span class='ocrx_word' id='word_1_40' title='bbox 361 1009 536 1109; x_wconf 85' lang='lat' dir='ltr'><strong>iudicant,</strong></span> <span class='ocrx_word' id='word_1_41' title='bbox 561 1009 655 1082; x_wconf 87' lang='lat' dir='ltr'><strong>huuc</strong></span> <span class='ocrx_word' id='word_1_42' title='bbox 681 1009 870 1082; x_wconf 86' lang='lat' dir='ltr'><strong>exereitum</strong></span> <span class='ocrx_word' id='word_1_43' title='bbox 893 1035 968 1082; x_wconf 90' lang='lat' dir='ltr'><strong>esse</strong></span> <span class='ocrx_word' id='word_1_44' title='bbox 985 1011 1036 1084; x_wconf 86' lang='lat' dir='ltr'><strong>rei</strong></span> <span class='ocrx_word' id='word_1_45' title='bbox 1052 1011 1230 1114; x_wconf 86' lang='lat' dir='ltr'><strong>publieae;</strong></span> 
     </span>
     <span class='ocr_line' id='line_1_7' title="bbox 227 1134 1228 1239; baseline 0.006 -28"><span class='ocrx_word' id='word_1_46' title='bbox 227 1134 293 1211; x_wconf 90' lang='lat' dir='ltr'><strong>tibi</strong></span> <span class='ocrx_word' id='word_1_47' title='bbox 317 1149 418 1211; x_wconf 89' lang='lat' dir='ltr'><strong>tanto</strong></span> <span class='ocrx_word' id='word_1_48' title='bbox 436 1136 585 1236; x_wconf 82' lang='lat' dir='ltr'><strong>gratius,</strong></span> <span class='ocrx_word' id='word_1_49' title='bbox 604 1150 737 1238; x_wconf 90' lang='lat' dir='ltr'><strong>quanto</strong></span> <span class='ocrx_word' id='word_1_50' title='bbox 762 1149 799 1210; x_wconf 91' lang='lat' dir='ltr'><strong>et</strong></span> <span class='ocrx_word' id='word_1_51' title='bbox 823 1135 955 1212; x_wconf 86' lang='lat' dir='ltr'><strong>maiore</strong></span> <span class='ocrx_word' id='word_1_52' title='bbox 971 1137 1090 1215; x_wconf 87' lang='lat' dir='ltr'><strong>animo</strong></span> <span class='ocrx_word' id='word_1_53' title='bbox 1107 1138 1228 1239; x_wconf 54' lang='lat' dir='ltr'><strong>peria-</strong></span> 
     </span>
     <span class='ocr_line' id='line_1_8' title="bbox 227 1260 1228 1367; baseline 0.008 -31"><span class='ocrx_word' id='word_1_54' title='bbox 227 1289 296 1365; x_wconf 85' lang='lat' dir='ltr'><strong>que</strong></span> <span class='ocrx_word' id='word_1_55' title='bbox 313 1262 511 1338; x_wconf 90' lang='lat' dir='ltr'><strong>libertatem</strong></span> <span class='ocrx_word' id='word_1_56' title='bbox 528 1277 685 1337; x_wconf 89' lang='lat' dir='ltr'><strong>nostram</strong></span> <span class='ocrx_word' id='word_1_57' title='bbox 702 1260 877 1337; x_wconf 82' lang='lat' dir='ltr'><strong>defendis:</strong></span> <span class='ocrx_word' id='word_1_58' title='bbox 901 1276 938 1338; x_wconf 92' lang='lat' dir='ltr'><strong>et</strong></span> <span class='ocrx_word' id='word_1_59' title='bbox 962 1263 1228 1367; x_wconf 79' lang='lat' dir='ltr'><strong>‹lignitatem‚si</strong></span> 
     </span>
     <span class='ocr_line' id='line_1_9' title="bbox 228 1388 1228 1494; baseline 0.006 -31"><span class='ocrx_word' id='word_1_60' title='bbox 228 1389 413 1488; x_wconf 82' lang='lat' dir='ltr'><strong>contigerit</strong></span> <span class='ocrx_word' id='word_1_61' title='bbox 429 1390 558 1464; x_wconf 89' lang='lat' dir='ltr'><strong>uostris</strong></span> <span class='ocrx_word' id='word_1_62' title='bbox 584 1388 737 1464; x_wconf 86' lang='lat' dir='ltr'><strong>consiliis</strong></span> <span class='ocrx_word' id='word_1_63' title='bbox 762 1390 893 1490; x_wconf 80' lang='lat' dir='ltr'><strong>exitus,</strong></span> <span class='ocrx_word' id='word_1_64' title='bbox 917 1415 1022 1493; x_wconf 90' lang='lat' dir='ltr'><strong>quem</strong></span> <span class='ocrx_word' id='word_1_65' title='bbox 1047 1405 1228 1494; x_wconf 87' lang='lat' dir='ltr'><strong>optamus,</strong></span> 
     </span>
     <span class='ocr_line' id='line_1_10' title="bbox 226 1514 1227 1624; baseline 0.008 -36"><span class='ocrx_word' id='word_1_66' title='bbox 226 1514 473 1618; x_wconf 81' lang='lat' dir='ltr'><strong>perfuncturus</strong></span> <span class='ocrx_word' id='word_1_67' title='bbox 505 1541 551 1590; x_wconf 89' lang='lat' dir='ltr'><strong>es.</strong></span> <span class='ocrx_word' id='word_1_68' title='bbox 585 1517 663 1617; x_wconf 85' lang='lat' dir='ltr'><strong>Ego</strong></span> <span class='ocrx_word' id='word_1_69' title='bbox 694 1516 819 1617; x_wconf 84' lang='lat' dir='ltr'><strong>etiam,</strong></span> <span class='ocrx_word' id='word_1_70' title='bbox 842 1517 891 1590; x_wconf 93' lang='lat' dir='ltr'><strong>mi</strong></span> <span class='ocrx_word' id='word_1_71' title='bbox 917 1517 1060 1620; x_wconf 86' lang='lat' dir='ltr'><strong>Cicero,</strong></span> <span class='ocrx_word' id='word_1_72' title='bbox 1084 1521 1227 1624; x_wconf 89' lang='lat' dir='ltr'><strong>proprie</strong></span> 
     </span>
     <span class='ocr_line' id='line_1_11' title="bbox 226 1640 1227 1745; baseline 0.006 -29"><span class='ocrx_word' id='word_1_73' title='bbox 226 1640 521 1744; x_wconf 80' lang='lat' dir='ltr'><strong>familiariterque</strong></span> <span class='ocrx_word' id='word_1_74' title='bbox 534 1654 569 1716; x_wconf 92' lang='lat' dir='ltr'><strong>te</strong></span> <span class='ocrx_word' id='word_1_75' title='bbox 602 1666 706 1742; x_wconf 82' lang='lat' dir='ltr'><strong>rogo,</strong></span> <span class='ocrx_word' id='word_1_76' title='bbox 734 1657 775 1717; x_wconf 87' lang='lat' dir='ltr'><strong>ut</strong></span> <span class='ocrx_word' id='word_1_77' title='bbox 797 1641 965 1718; x_wconf 82' lang='lat' dir='ltr'><strong>Veterem</strong></span> <span class='ocrx_word' id='word_1_78' title='bbox 990 1670 1102 1745; x_wconf 83' lang='lat' dir='ltr'><strong>ames,</strong></span> <span class='ocrx_word' id='word_1_79' title='bbox 1126 1645 1227 1722; x_wconf 87' lang='lat' dir='ltr'><strong>velis·</strong></span> 
     </span>
     <span class='ocr_line' id='line_1_12' title="bbox 227 1766 1226 1872; baseline 0.005 -30"><span class='ocrx_word' id='word_1_80' title='bbox 227 1793 295 1872; x_wconf 89' lang='lat' dir='ltr'><strong>que</strong></span> <span class='ocrx_word' id='word_1_81' title='bbox 322 1793 398 1842; x_wconf 88' lang='lat' dir='ltr'><strong>esse</strong></span> <span class='ocrx_word' id='word_1_82' title='bbox 430 1794 535 1870; x_wconf 91' lang='lat' dir='ltr'><strong>quam</strong></span> <span class='ocrx_word' id='word_1_83' title='bbox 566 1766 841 1871; x_wconf 80' lang='lat' dir='ltr'><strong>amplissimum:</strong></span> <span class='ocrx_word' id='word_1_84' title='bbox 871 1770 932 1872; x_wconf 90' lang='lat' dir='ltr'><strong>qui</strong></span> <span class='ocrx_word' id='word_1_85' title='bbox 963 1771 1029 1845; x_wconf 88' lang='lat' dir='ltr'><strong>etsi</strong></span> <span class='ocrx_word' id='word_1_86' title='bbox 1061 1769 1156 1846; x_wconf 91' lang='lat' dir='ltr'><strong>nulla</strong></span> <span class='ocrx_word' id='word_1_87' title='bbox 1189 1799 1226 1847; x_wconf 90' lang='lat' dir='ltr'><strong>re</strong></span> 
     </span>
     <span class='ocr_line' id='line_1_13' title="bbox 226 1893 1225 1997; baseline 0.003 -28"><span class='ocrx_word' id='word_1_88' title='bbox 226 1893 392 1969; x_wconf 83' lang='lat' dir='ltr'><strong>deterreri</strong></span> <span class='ocrx_word' id='word_1_89' title='bbox 417 1922 438 1969; x_wconf 93' lang='lat' dir='ltr'><strong>a</strong></span> <span class='ocrx_word' id='word_1_90' title='bbox 464 1895 647 1997; x_wconf 89' lang='lat' dir='ltr'><strong>proposito</strong></span> <span class='ocrx_word' id='word_1_91' title='bbox 677 1909 812 1997; x_wconf 85' lang='lat' dir='ltr'><strong>potest,</strong></span> <span class='ocrx_word' id='word_1_92' title='bbox 845 1910 963 1971; x_wconf 74' lang='lat' dir='ltr'><strong>tamem</strong></span> <span class='ocrx_word' id='word_1_93' title='bbox 988 1898 1132 1972; x_wconf 86' lang='lat' dir='ltr'><strong>excitari</strong></span> <span class='ocrx_word' id='word_1_94' title='bbox 1158 1900 1225 1972; x_wconf 87' lang='lat' dir='ltr'><strong>tuis</strong></span> 
     </span>
     <span class='ocr_line' id='line_1_14' title="bbox 223 2018 1223 2125; baseline 0.005 -31"><span class='ocrx_word' id='word_1_95' title='bbox 223 2018 387 2095; x_wconf 90' lang='lat' dir='ltr'><strong>laudibus</strong></span> <span class='ocrx_word' id='word_1_96' title='bbox 414 2021 700 2125; x_wconf 79' lang='lat' dir='ltr'><strong>indulgentiaque</strong></span> <span class='ocrx_word' id='word_1_97' title='bbox 728 2023 876 2125; x_wconf 84' lang='lat' dir='ltr'><strong>poterit,</strong></span> <span class='ocrx_word' id='word_1_98' title='bbox 901 2049 971 2125; x_wconf 93' lang='lat' dir='ltr'><strong>quo</strong></span> <span class='ocrx_word' id='word_1_99' title='bbox 1010 2023 1120 2124; x_wconf 83' lang='lat' dir='ltr'><strong>magis</strong></span> <span class='ocrx_word' id='word_1_100' title='bbox 1149 2051 1223 2099; x_wconf 91' lang='lat' dir='ltr'><strong>am·</strong></span> 
     </span>
     <span class='ocr_line' id='line_1_15' title="bbox 223 2145 1224 2253; baseline 0.006 -32"><span class='ocrx_word' id='word_1_101' title='bbox 223 2145 385 2250; x_wconf 83' lang='lat' dir='ltr'><strong>plexetur</strong></span> <span class='ocrx_word' id='word_1_102' title='bbox 402 2175 444 2223; x_wconf 90' lang='lat' dir='ltr'><strong>ae</strong></span> <span class='ocrx_word' id='word_1_103' title='bbox 470 2162 608 2224; x_wconf 85' lang='lat' dir='ltr'><strong>tueatur</strong></span> <span class='ocrx_word' id='word_1_104' title='bbox 632 2150 801 2225; x_wconf 90' lang='lat' dir='ltr'><strong>iudicium</strong></span> <span class='ocrx_word' id='word_1_105' title='bbox 826 2176 937 2225; x_wconf 89' lang='lat' dir='ltr'><strong>suum.</strong></span> <span class='ocrx_word' id='word_1_106' title='bbox 962 2152 1010 2226; x_wconf 83' lang='lat' dir='ltr'><strong>Et</strong></span> <span class='ocrx_word' id='word_1_107' title='bbox 1034 2149 1122 2225; x_wconf 82' lang='lat' dir='ltr'><strong>milri</strong></span> <span class='ocrx_word' id='word_1_108' title='bbox 1146 2178 1224 2253; x_wconf 78' lang='lat' dir='ltr'><strong>gra-</strong></span> 
     </span>
     <span class='ocr_line' id='line_1_16' title="bbox 223 2274 496 2379; baseline -0.007 -28"><span class='ocrx_word' id='word_1_109' title='bbox 223 2274 396 2379; x_wconf 82' lang='lat' dir='ltr'><strong>tissimum</strong></span> <span class='ocrx_word' id='word_1_110' title='bbox 421 2277 496 2353; x_wconf 80' lang='lat' dir='ltr'><strong>en‘t.</strong></span> 
     </span>
    </p>
   </div>
   <div class='ocr_carea' id='block_1_4' title="bbox 694 2531 1197 2635">
    <p class='ocr_par' dir='ltr' id='par_1_4' title="bbox 694 2531 1197 2635">
     <span class='ocr_line' id='line_1_17' title="bbox 694 2531 1197 2635; baseline -0.002 -5"><span class='ocrx_word' id='word_1_111' title='bbox 694 2531 759 2604; x_wconf 72' lang='lat' dir='ltr'><strong>IX·</strong></span> <span class='ocrx_word' id='word_1_112' title='bbox 978 2573 1032 2632; x_wconf 76' lang='lat' dir='ltr'><strong>(n</strong></span> <span class='ocrx_word' id='word_1_113' title='bbox 1047 2573 1108 2621; x_wconf 68' lang='lat' dir='ltr'><strong>nun.</strong></span> <span class='ocrx_word' id='word_1_114' title='bbox 1127 2575 1152 2635; x_wconf 89' lang='grc' dir='ltr'><strong>ι,</strong></span> <span class='ocrx_word' id='word_1_115' title='bbox 1167 2576 1197 2630; x_wconf 74' lang='grc' dir='ltr'><strong>ε)</strong></span> 
     </span>
    </p>
   </div>
   <div class='ocr_carea' id='block_1_5' title="bbox 222 2705 1220 2875">
    <p class='ocr_par' dir='ltr' id='par_1_5' title="bbox 222 2705 1220 2875">
     <span class='ocr_line' id='line_1_18' title="bbox 222 2705 1220 2791; baseline 0.004 -23"><span class='ocrx_word' id='word_1_116' title='bbox 222 2708 441 2788; x_wconf 77' lang='lat' dir='ltr'><strong>Argmneunuu.</strong></span> <span class='ocrx_word' id='word_1_117' title='bbox 462 2705 494 2766; x_wconf 88' lang='lat' dir='ltr'><strong>C.</strong></span> <span class='ocrx_word' id='word_1_118' title='bbox 516 2706 698 2765; x_wconf 78' lang='lat' dir='ltr'><strong>aneunium</strong></span> <span class='ocrx_word' id='word_1_119' title='bbox 720 2709 904 2791; x_wconf 80' lang='lat' dir='ltr'><strong>municipem</strong></span> <span class='ocrx_word' id='word_1_120' title='bbox 927 2709 1111 2771; x_wconf 85' lang='lat' dir='ltr'><strong>Suessanum</strong></span> <span class='ocrx_word' id='word_1_121' title='bbox 1139 2730 1220 2771; x_wconf 78' lang='lat' dir='ltr'><strong>com·</strong></span> 
     </span>
     <span class='ocr_line' id='line_1_19' title="bbox 261 2808 391 2875; baseline -0.008 -2"><span class='ocrx_word' id='word_1_122' title='bbox 261 2808 391 2875; x_wconf 86' lang='lat' dir='ltr'><strong>mendat.</strong></span> 
     </span>
    </p>
   </div>
   <div class='ocr_carea' id='block_1_6' title="bbox 393 3037 1050 3297">
    <p class='ocr_par' dir='ltr' id='par_1_6' title="bbox 393 3037 1050 3297">
     <span class='ocr_line' id='line_1_20' title="bbox 393 3037 1050 3111; baseline 0 -19"><span class='ocrx_word' id='word_1_123' title='bbox 393 3041 448 3092; x_wconf 67' lang='lat' dir='ltr'><strong>scr.</strong></span> <span class='ocrx_word' id='word_1_124' title='bbox 467 3039 561 3092; x_wconf 71' lang='lat' dir='ltr'><strong>nomae</strong></span> <span class='ocrx_word' id='word_1_125' title='bbox 578 3040 609 3090; x_wconf 79' lang='lat' dir='ltr'><strong>a,</strong></span> <span class='ocrx_word' id='word_1_126' title='bbox 628 3037 661 3090; x_wconf 85' lang='grc' dir='ltr'><strong>ν.</strong></span> <span class='ocrx_word' id='word_1_127' title='bbox 680 3039 709 3092; x_wconf 91' lang='lat' dir='ltr'><strong>c</strong></span> <span class='ocrx_word' id='word_1_128' title='bbox 729 3040 834 3108; x_wconf 83' lang='lat' dir='ltr'><strong>cccx,</strong></span> <span class='ocrx_word' id='word_1_129' title='bbox 853 3057 939 3093; x_wconf 68' lang='lat' dir='ltr'><strong>mense</strong></span> <span class='ocrx_word' id='word_1_130' title='bbox 959 3041 1050 3111; x_wconf 67' lang='lat' dir='ltr'><strong>apen.</strong></span> 
     </span>
     <span class='ocr_line' id='line_1_21' title="bbox 538 3229 896 3297; baseline 0 -2"><span class='ocrx_word' id='word_1_131' title='bbox 538 3229 683 3297; x_wconf 77' lang='lat' dir='ltr'>CICERO</span> <span class='ocrx_word' id='word_1_132' title='bbox 708 3231 840 3297; x_wconf 77' lang='lat' dir='ltr'>BRVTO</span> <span class='ocrx_word' id='word_1_133' title='bbox 865 3232 896 3295; x_wconf 91' lang='lat' dir='ltr'><strong>S.</strong></span> 
     </span>
    </p>
   </div>
   <div class='ocr_carea' id='block_1_7' title="bbox 218 3419 1221 3649">
    <p class='ocr_par' dir='ltr' id='par_1_7' title="bbox 218 3419 1221 3649">
     <span class='ocr_line' id='line_1_22' title="bbox 267 3419 1221 3520; baseline 0.001 -24"><span class='ocrx_word' id='word_1_134' title='bbox 267 3419 399 3496; x_wconf 85' lang='lat' dir='ltr'><strong>Multus</strong></span> <span class='ocrx_word' id='word_1_135' title='bbox 432 3421 496 3495; x_wconf 88' lang='lat' dir='ltr'><strong>tibi</strong></span> <span class='ocrx_word' id='word_1_136' title='bbox 526 3420 790 3520; x_wconf 85' lang='lat' dir='ltr'><strong>commendavi,</strong></span> <span class='ocrx_word' id='word_1_137' title='bbox 818 3435 855 3494; x_wconf 86' lang='lat' dir='ltr'><strong>et</strong></span> <span class='ocrx_word' id='word_1_138' title='bbox 886 3420 1130 3497; x_wconf 86' lang='lat' dir='ltr'><strong>commendem</strong></span> <span class='ocrx_word' id='word_1_139' title='bbox 1158 3447 1221 3496; x_wconf 91' lang='lat' dir='ltr'><strong>ne-</strong></span> 
     </span>
     <span class='ocr_line' id='line_1_23' title="bbox 218 3547 1216 3649; baseline 0.002 -28"><span class='ocrx_word' id='word_1_140' title='bbox 218 3572 313 3621; x_wconf 82' lang='lat' dir='ltr'><strong>cesse</strong></span> <span class='ocrx_word' id='word_1_141' title='bbox 338 3562 400 3621; x_wconf 90' lang='lat' dir='ltr'><strong>est.</strong></span> <span class='ocrx_word' id='word_1_142' title='bbox 426 3548 591 3649; x_wconf 89' lang='lat' dir='ltr'><strong>Optimus</strong></span> <span class='ocrx_word' id='word_1_143' title='bbox 609 3547 702 3620; x_wconf 91' lang='lat' dir='ltr'><strong>enim</strong></span> <span class='ocrx_word' id='word_1_144' title='bbox 720 3547 867 3649; x_wconf 88' lang='lat' dir='ltr'><strong>quisque</strong></span> <span class='ocrx_word' id='word_1_145' title='bbox 886 3547 952 3645; x_wconf 86' lang='lat' dir='ltr'><strong>vir,</strong></span> <span class='ocrx_word' id='word_1_146' title='bbox 967 3560 1004 3620; x_wconf 91' lang='lat' dir='ltr'><strong>et</strong></span> <span class='ocrx_word' id='word_1_147' title='bbox 1019 3547 1123 3647; x_wconf 86' lang='lat' dir='ltr'><strong>civis,</strong></span> <span class='ocrx_word' id='word_1_148' title='bbox 1141 3574 1216 3623; x_wconf 92' lang='lat' dir='ltr'><strong>ma·</strong></span> 
     </span>
    </p>
   </div>
   <div class='ocr_carea' id='block_1_8' title="bbox 90 3671 1216 3776">
    <p class='ocr_par' dir='ltr' id='par_1_8' title="bbox 90 3671 1216 3776">
     <span class='ocr_line' id='line_1_24' title="bbox 90 3671 1216 3776; baseline 0.002 -30"><span class='ocrx_word' id='word_1_149' title='bbox 90 3671 95 3677; x_wconf 77' lang='grc'><em>’</em></span> <span class='ocrx_word' id='word_1_150' title='bbox 216 3672 309 3746; x_wconf 86' lang='lat' dir='ltr'><strong>xime</strong></span> <span class='ocrx_word' id='word_1_151' title='bbox 334 3673 489 3775; x_wconf 88' lang='lat' dir='ltr'><strong>sequitur</strong></span> <span class='ocrx_word' id='word_1_152' title='bbox 514 3673 681 3747; x_wconf 88' lang='lat' dir='ltr'><strong>indicium</strong></span> <span class='ocrx_word' id='word_1_153' title='bbox 708 3686 824 3772; x_wconf 88' lang='lat' dir='ltr'><strong>tuum,</strong></span> <span class='ocrx_word' id='word_1_154' title='bbox 850 3672 983 3776; x_wconf 87' lang='lat' dir='ltr'><strong>tibique</strong></span> <span class='ocrx_word' id='word_1_155' title='bbox 1008 3699 1132 3748; x_wconf 91' lang='lat' dir='ltr'><strong>omues</strong></span> <span class='ocrx_word' id='word_1_156' title='bbox 1149 3674 1216 3749; x_wconf 83' lang='lat' dir='ltr'><strong>lor·</strong></span> 
     </span>
    </p>
   </div>
   <div class='ocr_carea' id='block_1_9' title="bbox 216 3799 1218 4032">
    <p class='ocr_par' dir='ltr' id='par_1_9' title="bbox 216 3799 1218 4032">
     <span class='ocr_line' id='line_1_25' title="bbox 216 3799 1216 3901; baseline 0.003 -29"><span class='ocrx_word' id='word_1_157' title='bbox 216 3812 269 3872; x_wconf 80' lang='lat' dir='ltr'><strong>tea</strong></span> <span class='ocrx_word' id='word_1_158' title='bbox 300 3799 365 3872; x_wconf 84' lang='lat' dir='ltr'><strong>viri</strong></span> <span class='ocrx_word' id='word_1_159' title='bbox 398 3824 527 3873; x_wconf 90' lang='lat' dir='ltr'><strong>navare</strong></span> <span class='ocrx_word' id='word_1_160' title='bbox 556 3825 700 3901; x_wconf 86' lang='lat' dir='ltr'><strong>operam</strong></span> <span class='ocrx_word' id='word_1_161' title='bbox 734 3815 770 3874; x_wconf 91' lang='lat' dir='ltr'><strong>et</strong></span> <span class='ocrx_word' id='word_1_162' title='bbox 802 3799 956 3874; x_wconf 89' lang='lat' dir='ltr'><strong>studium</strong></span> <span class='ocrx_word' id='word_1_163' title='bbox 983 3801 1125 3876; x_wconf 82' lang='lat' dir='ltr'><strong>volunt:</strong></span> <span class='ocrx_word' id='word_1_164' title='bbox 1150 3827 1216 3875; x_wconf 89' lang='lat' dir='ltr'><strong>nec</strong></span> 
     </span>
     <span class='ocr_line' id='line_1_26' title="bbox 216 3924 1218 4032; baseline 0.004 -33"><span class='ocrx_word' id='word_1_165' title='bbox 216 3924 398 4028; x_wconf 87' lang='lat' dir='ltr'><strong>quisquam</strong></span> <span class='ocrx_word' id='word_1_166' title='bbox 424 3940 495 4025; x_wconf 83' lang='lat' dir='ltr'><strong>cst,</strong></span> <span class='ocrx_word' id='word_1_167' title='bbox 519 3928 603 4029; x_wconf 89' lang='lat' dir='ltr'><strong>quin</strong></span> <span class='ocrx_word' id='word_1_168' title='bbox 629 3929 678 4002; x_wconf 84' lang='lat' dir='ltr'><strong>ita</strong></span> <span class='ocrx_word' id='word_1_169' title='bbox 704 3928 895 4028; x_wconf 76' lang='lat' dir='ltr'><strong>existimet,</strong></span> <span class='ocrx_word' id='word_1_170' title='bbox 920 3955 1034 4005; x_wconf 84' lang='lat' dir='ltr'><strong>meam</strong></span> <span class='ocrx_word' id='word_1_171' title='bbox 1059 3927 1156 4032; x_wconf 87' lang='lat' dir='ltr'><strong>apud</strong></span> <span class='ocrx_word' id='word_1_172' title='bbox 1183 3943 1218 4006; x_wconf 82' lang='lat' dir='ltr'><strong>te</strong></span> 
     </span>
    </p>
   </div>
   <div class='ocr_carea' id='block_1_10' title="bbox 0 0 1316 4830">
    <p class='ocr_par' dir='ltr' id='par_1_10' title="bbox 0 0 1316 4830">
     <span class='ocr_line' id='line_1_27' title="bbox 0 0 1316 4830; baseline 0 3"><span class='ocrx_word' id='word_1_173' title='bbox 0 0 1316 4830; x_wconf 95' lang='lat' dir='ltr'><strong> </strong></span> 
     </span>
    </p>
   </div>
  </div>
 </body>
</html>
