<?xml version="1.0" encoding="UTF-8"?>
<!DOCTYPE html PUBLIC "-//W3C//DTD XHTML 1.0 Transitional//EN"
    "http://www.w3.org/TR/xhtml1/DTD/xhtml1-transitional.dtd">
<html xmlns="http://www.w3.org/1999/xhtml" xml:lang="en" lang="en">
 <head>
  <title>
</title>
<meta http-equiv="Content-Type" content="text/html;charset=utf-8" />
  <meta name='ocr-system' content='tesseract 3.04.00' />
  <meta name='ocr-capabilities' content='ocr_page ocr_carea ocr_par ocr_line ocrx_word'/>
</head>
<body>
  <div class='ocr_page' id='page_1' title='image "./mtulliiciceroni17cicegoog_0165.png"; bbox 0 0 2624 4830; ppageno 0'>
   <div class='ocr_carea' id='block_1_1' title="bbox 246 408 1265 2626">
    <p class='ocr_par' dir='ltr' id='par_1_1' title="bbox 251 408 1244 1149">
     <span class='ocr_line' id='line_1_1' title="bbox 259 408 1216 501; baseline 0.002 -18"><span class='ocrx_word' id='word_1_1' title='bbox 259 413 357 486; x_wconf 77' lang='lat' dir='ltr'><strong>rtio·</strong></span> <span class='ocrx_word' id='word_1_2' title='bbox 553 431 722 480; x_wconf 78' lang='lat' dir='ltr'><strong>nrtsrocr</strong></span> <span class='ocrx_word' id='word_1_3' title='bbox 748 434 947 482; x_wconf 80' lang='lat' dir='ltr'><strong>ccccxxxiv.</strong></span> <span class='ocrx_word' id='word_1_4' title='bbox 995 408 1051 482; x_wconf 70' lang='grc' dir='ltr'><strong>Ἀ.</strong></span> <span class='ocrx_word' id='word_1_5' title='bbox 1071 436 1216 501; x_wconf 73' lang='lat' dir='ltr'><strong>r.c.210</strong></span> 
     </span>
     <span class='ocr_line' id='line_1_2' title="bbox 252 534 1242 638; baseline 0.008 -31"><span class='ocrx_word' id='word_1_6' title='bbox 252 563 306 608; x_wconf 90' lang='lat' dir='ltr'><strong>res</strong></span> <span class='ocrx_word' id='word_1_7' title='bbox 332 537 443 635; x_wconf 88' lang='lat' dir='ltr'><strong>prius,</strong></span> <span class='ocrx_word' id='word_1_8' title='bbox 473 560 579 635; x_wconf 91' lang='lat' dir='ltr'><strong>quam</strong></span> <span class='ocrx_word' id='word_1_9' title='bbox 606 534 725 608; x_wconf 89' lang='lat' dir='ltr'><strong>hostes</strong></span> <span class='ocrx_word' id='word_1_10' title='bbox 759 535 866 633; x_wconf 82' lang='lat' dir='ltr'><strong>magis</strong></span> <span class='ocrx_word' id='word_1_11' title='bbox 891 535 1181 638; x_wconf 82' lang='lat' dir='ltr'><strong>corroborentur,</strong></span> <span class='ocrx_word' id='word_1_12' title='bbox 1205 556 1242 615; x_wconf 90' lang='lat' dir='ltr'><strong>et</strong></span> 
     </span>
     <span class='ocr_line' id='line_1_3' title="bbox 251 659 1243 762; baseline 0.005 -29"><span class='ocrx_word' id='word_1_13' title='bbox 251 665 363 733; x_wconf 77' lang='lat' dir='ltr'><strong>nostri</strong></span> <span class='ocrx_word' id='word_1_14' title='bbox 389 661 641 761; x_wconf 78' lang='lat' dir='ltr'><strong>perturbentur.</strong></span> <span class='ocrx_word' id='word_1_15' title='bbox 668 662 709 733; x_wconf 92' lang='lat' dir='ltr'><strong>ln</strong></span> <span class='ocrx_word' id='word_1_16' title='bbox 735 687 806 762; x_wconf 92' lang='lat' dir='ltr'><strong>quo</strong></span> <span class='ocrx_word' id='word_1_17' title='bbox 829 661 860 734; x_wconf 88' lang='lat' dir='ltr'><strong>si</strong></span> <span class='ocrx_word' id='word_1_18' title='bbox 886 659 1042 734; x_wconf 82' lang='lat' dir='ltr'><strong>celeritas</strong></span> <span class='ocrx_word' id='word_1_19' title='bbox 1059 665 1126 736; x_wconf 92' lang='lat' dir='ltr'><strong>erit</strong></span> <span class='ocrx_word' id='word_1_20' title='bbox 1143 664 1243 738; x_wconf 85' lang='lat' dir='ltr'><strong>adbi-</strong></span> 
     </span>
     <span class='ocr_line' id='line_1_4' title="bbox 251 786 1243 887; baseline 0.004 -27"><span class='ocrx_word' id='word_1_21' title='bbox 251 787 341 886; x_wconf 89' lang='lat' dir='ltr'><strong>bita,</strong></span> <span class='ocrx_word' id='word_1_22' title='bbox 367 814 420 860; x_wconf 88' lang='lat' dir='ltr'><strong>res</strong></span> <span class='ocrx_word' id='word_1_23' title='bbox 446 786 585 887; x_wconf 90' lang='lat' dir='ltr'><strong>publica</strong></span> <span class='ocrx_word' id='word_1_24' title='bbox 611 788 649 858; x_wconf 93' lang='lat' dir='ltr'><strong>in</strong></span> <span class='ocrx_word' id='word_1_25' title='bbox 673 787 893 887; x_wconf 74' lang='lat' dir='ltr'><strong>possessione</strong></span> <span class='ocrx_word' id='word_1_26' title='bbox 914 789 1096 887; x_wconf 83' lang='lat' dir='ltr'><strong>victoriae,</strong></span> <span class='ocrx_word' id='word_1_27' title='bbox 1122 788 1243 864; x_wconf 87' lang='lat' dir='ltr'><strong>deletis</strong></span> 
     </span>
     <span class='ocr_line' id='line_1_5' title="bbox 251 911 1244 1016; baseline 0.002 -29"><span class='ocrx_word' id='word_1_28' title='bbox 251 913 448 1012; x_wconf 86' lang='lat' dir='ltr'><strong>sceleratis,</strong></span> <span class='ocrx_word' id='word_1_29' title='bbox 480 911 705 1016; x_wconf 83' lang='lat' dir='ltr'><strong>permanebit</strong></span> <span class='ocrx_word' id='word_1_30' title='bbox 739 911 811 987; x_wconf 85' lang='lat' dir='ltr'><strong>Fac</strong></span> <span class='ocrx_word' id='word_1_31' title='bbox 843 912 975 1011; x_wconf 88' lang='lat' dir='ltr'><strong>valeas,</strong></span> <span class='ocrx_word' id='word_1_32' title='bbox 1007 940 1133 1016; x_wconf 89' lang='lat' dir='ltr'><strong>meque</strong></span> <span class='ocrx_word' id='word_1_33' title='bbox 1166 915 1244 989; x_wconf 91' lang='lat' dir='ltr'><strong>dili-</strong></span> 
     </span>
     <span class='ocr_line' id='line_1_6' title="bbox 252 1044 1077 1149; baseline 0 -36"><span class='ocrx_word' id='word_1_34' title='bbox 252 1067 312 1138; x_wconf 83' lang='lat' dir='ltr'><strong>gas</strong></span> <span class='ocrx_word' id='word_1_35' title='bbox 330 1044 370 1112; x_wconf 83' lang='lat'><strong>⁸⁵.</strong></span> <span class='ocrx_word' id='word_1_36' title='bbox 1055 1106 1077 1149; x_wconf 55' lang='lat'><em>4</em></span> 
     </span>
    </p>

    <p class='ocr_par' dir='ltr' id='par_1_2' title="bbox 246 1163 1265 2626">
     <span class='ocr_line' id='line_1_7' title="bbox 301 1163 1243 1261; baseline 0.001 -22"><span class='ocrx_word' id='word_1_37' title='bbox 301 1168 323 1238; x_wconf 83' lang='lat'>3</span> <span class='ocrx_word' id='word_1_38' title='bbox 350 1167 507 1239; x_wconf 84' lang='lat' dir='ltr'><strong>Fratrem</strong></span> <span class='ocrx_word' id='word_1_39' title='bbox 533 1191 649 1239; x_wconf 88' lang='lat' dir='ltr'><strong>meum</strong></span> <span class='ocrx_word' id='word_1_40' title='bbox 668 1163 747 1261; x_wconf 88' lang='lat' dir='ltr'><strong>tibi,</strong></span> <span class='ocrx_word' id='word_1_41' title='bbox 772 1164 997 1238; x_wconf 81' lang='lat' dir='ltr'><strong>fortissimum</strong></span> <span class='ocrx_word' id='word_1_42' title='bbox 1014 1165 1128 1238; x_wconf 89' lang='lat' dir='ltr'><strong>civem</strong></span> <span class='ocrx_word' id='word_1_43' title='bbox 1145 1167 1243 1240; x_wconf 89' lang='lat' dir='ltr'><strong>etad</strong></span> 
     </span>
     <span class='ocr_line' id='line_1_8' title="bbox 250 1289 1242 1393; baseline -0.001 -27"><span class='ocrx_word' id='word_1_44' title='bbox 250 1295 368 1366; x_wconf 86' lang='lat' dir='ltr'><strong>onmia</strong></span> <span class='ocrx_word' id='word_1_45' title='bbox 401 1293 678 1392; x_wconf 86' lang='lat' dir='ltr'><strong>paratissimum,</strong></span> <span class='ocrx_word' id='word_1_46' title='bbox 709 1317 872 1364; x_wconf 83' lang='lat' dir='ltr'><strong>excusem</strong></span> <span class='ocrx_word' id='word_1_47' title='bbox 890 1293 922 1342; x_wconf 85' lang='lat'><strong>²⁶</strong></span> <span class='ocrx_word' id='word_1_48' title='bbox 946 1289 1075 1364; x_wconf 83' lang='lat' dir='ltr'><strong>literisl</strong></span> <span class='ocrx_word' id='word_1_49' title='bbox 1108 1294 1170 1393; x_wconf 88' lang='lat' dir='ltr'><strong>qui</strong></span> <span class='ocrx_word' id='word_1_50' title='bbox 1201 1318 1242 1366; x_wconf 82' lang='lat' dir='ltr'><strong>ex</strong></span> 
     </span>
     <span class='ocr_line' id='line_1_9' title="bbox 251 1416 1243 1513; baseline 0.002 -23"><span class='ocrx_word' id='word_1_51' title='bbox 251 1419 370 1491; x_wconf 81' lang='lat' dir='ltr'><strong>labore</strong></span> <span class='ocrx_word' id='word_1_52' title='bbox 387 1420 422 1489; x_wconf 89' lang='lat' dir='ltr'><strong>in</strong></span> <span class='ocrx_word' id='word_1_53' title='bbox 440 1416 641 1490; x_wconf 77' lang='lat' dir='ltr'><strong>febriculam</strong></span> <span class='ocrx_word' id='word_1_54' title='bbox 657 1417 781 1489; x_wconf 84' lang='lat' dir='ltr'><strong>incidit</strong></span> <span class='ocrx_word' id='word_1_55' title='bbox 797 1417 988 1513; x_wconf 80' lang='lat' dir='ltr'><strong>assiduam,</strong></span> <span class='ocrx_word' id='word_1_56' title='bbox 1010 1431 1047 1490; x_wconf 90' lang='lat' dir='ltr'><strong>et</strong></span> <span class='ocrx_word' id='word_1_57' title='bbox 1071 1418 1156 1491; x_wconf 87' lang='lat' dir='ltr'><strong>satis</strong></span> <span class='ocrx_word' id='word_1_58' title='bbox 1172 1442 1243 1492; x_wconf 87' lang='lat' dir='ltr'><strong>mo·</strong></span> 
     </span>
     <span class='ocr_line' id='line_1_10' title="bbox 251 1543 1242 1642; baseline 0.001 -26"><span class='ocrx_word' id='word_1_59' title='bbox 251 1543 384 1616; x_wconf 87' lang='lat' dir='ltr'><strong>lestam.</strong></span> <span class='ocrx_word' id='word_1_60' title='bbox 408 1545 526 1634; x_wconf 88' lang='lat' dir='ltr'><strong>Quum</strong></span> <span class='ocrx_word' id='word_1_61' title='bbox 553 1544 703 1642; x_wconf 89' lang='lat' dir='ltr'><strong>primum</strong></span> <span class='ocrx_word' id='word_1_62' title='bbox 731 1544 878 1642; x_wconf 89' lang='lat' dir='ltr'><strong>poterit,</strong></span> <span class='ocrx_word' id='word_1_63' title='bbox 903 1543 992 1614; x_wconf 90' lang='lat' dir='ltr'><strong>istuc</strong></span> <span class='ocrx_word' id='word_1_64' title='bbox 1009 1557 1041 1607; x_wconf 83' lang='lat' dir='ltr'><strong>²r</strong></span> <span class='ocrx_word' id='word_1_65' title='bbox 1068 1568 1242 1617; x_wconf 85' lang='lat' dir='ltr'><strong>recurrere</strong></span> 
     </span>
     <span class='ocr_line' id='line_1_11' title="bbox 252 1667 1242 1770; baseline -0.003 -27"><span class='ocrx_word' id='word_1_66' title='bbox 252 1696 325 1744; x_wconf 86' lang='lat' dir='ltr'><strong>non</strong></span> <span class='ocrx_word' id='word_1_67' title='bbox 355 1668 545 1766; x_wconf 81' lang='lat' dir='ltr'><strong>dubitabit,</strong></span> <span class='ocrx_word' id='word_1_68' title='bbox 576 1695 620 1740; x_wconf 88' lang='lat' dir='ltr'><strong>ne</strong></span> <span class='ocrx_word' id='word_1_69' title='bbox 653 1694 723 1770; x_wconf 89' lang='lat' dir='ltr'><strong>quo</strong></span> <span class='ocrx_word' id='word_1_70' title='bbox 755 1668 834 1740; x_wconf 91' lang='lat' dir='ltr'><strong>loco</strong></span> <span class='ocrx_word' id='word_1_71' title='bbox 867 1668 916 1741; x_wconf 86' lang='lat' dir='ltr'><strong>rei</strong></span> <span class='ocrx_word' id='word_1_72' title='bbox 950 1667 1111 1768; x_wconf 87' lang='lat' dir='ltr'><strong>publicae</strong></span> <span class='ocrx_word' id='word_1_73' title='bbox 1145 1669 1242 1742; x_wconf 82' lang='lat' dir='ltr'><strong>desit</strong></span> 
     </span>
     <span class='ocr_line' id='line_1_12' title="bbox 247 1793 1242 1894; baseline -0.004 -22"><span class='ocrx_word' id='word_1_74' title='bbox 247 1798 367 1885; x_wconf 65' lang='lat' dir='ltr'><strong>‚Meam</strong></span> <span class='ocrx_word' id='word_1_75' title='bbox 404 1795 608 1894; x_wconf 84' lang='lat' dir='ltr'><strong>dignitatem</strong></span> <span class='ocrx_word' id='word_1_76' title='bbox 645 1795 925 1867; x_wconf 86' lang='lat' dir='ltr'><strong>commendatam</strong></span> <span class='ocrx_word' id='word_1_77' title='bbox 963 1793 1115 1892; x_wconf 90' lang='lat' dir='ltr'><strong>habeas,</strong></span> <span class='ocrx_word' id='word_1_78' title='bbox 1148 1820 1242 1893; x_wconf 82' lang='lat' dir='ltr'><strong>rogo</strong></span> 
     </span>
     <span class='ocr_line' id='line_1_13' title="bbox 251 1917 1242 2022; baseline -0.002 -26"><span class='ocrx_word' id='word_1_79' title='bbox 251 1923 508 2022; x_wconf 80' lang='lat' dir='ltr'><strong>Concupiscere</strong></span> <span class='ocrx_word' id='word_1_80' title='bbox 542 1947 596 1992; x_wconf 88' lang='lat' dir='ltr'><strong>me</strong></span> <span class='ocrx_word' id='word_1_81' title='bbox 630 1917 715 1991; x_wconf 84' lang='lat' dir='ltr'><strong>uilril</strong></span> <span class='ocrx_word' id='word_1_82' title='bbox 749 1934 891 2019; x_wconf 89' lang='lat' dir='ltr'><strong>oportet</strong></span> <span class='ocrx_word' id='word_1_83' title='bbox 906 1921 949 1990; x_wconf 70' lang='lat'><strong>²⁸,</strong></span> <span class='ocrx_word' id='word_1_84' title='bbox 980 1919 1105 2011; x_wconf 83' lang='lat' dir='ltr'><strong>Habeo</strong></span> <span class='ocrx_word' id='word_1_85' title='bbox 1139 1933 1174 1993; x_wconf 89' lang='lat' dir='ltr'><strong>te</strong></span> <span class='ocrx_word' id='word_1_86' title='bbox 1206 1935 1242 1994; x_wconf 92' lang='lat' dir='ltr'><strong>et</strong></span> 
     </span>
     <span class='ocr_line' id='line_1_14' title="bbox 250 2046 1265 2147; baseline -0.003 -26"><span class='ocrx_word' id='word_1_87' title='bbox 250 2049 524 2121; x_wconf 87' lang='lat' dir='ltr'><strong>amantissimum</strong></span> <span class='ocrx_word' id='word_1_88' title='bbox 551 2047 635 2144; x_wconf 89' lang='lat' dir='ltr'><strong>mei,</strong></span> <span class='ocrx_word' id='word_1_89' title='bbox 659 2061 712 2143; x_wconf 91' lang='lat' dir='ltr'><strong>et,</strong></span> <span class='ocrx_word' id='word_1_90' title='bbox 737 2046 832 2147; x_wconf 93' lang='lat' dir='ltr'><strong>quod</strong></span> <span class='ocrx_word' id='word_1_91' title='bbox 853 2047 992 2145; x_wconf 86' lang='lat' dir='ltr'><strong>optavi,</strong></span> <span class='ocrx_word' id='word_1_92' title='bbox 1008 2073 1166 2121; x_wconf 89' lang='lat' dir='ltr'><strong>summae</strong></span> <span class='ocrx_word' id='word_1_93' title='bbox 1183 2074 1242 2119; x_wconf 85' lang='lat' dir='ltr'><strong>au·</strong></span> <span class='ocrx_word' id='word_1_94' title='bbox 1263 2063 1265 2067; x_wconf 82' lang='lat'>&#39;</span> 
     </span>
     <span class='ocr_line' id='line_1_15' title="bbox 246 2166 1238 2272; baseline -0.002 -26"><span class='ocrx_word' id='word_1_95' title='bbox 246 2166 427 2247; x_wconf 77' lang='lat' dir='ltr'><strong>ctoritatis.</strong></span> <span class='ocrx_word' id='word_1_96' title='bbox 453 2173 508 2245; x_wconf 89' lang='lat' dir='ltr'><strong>Tu</strong></span> <span class='ocrx_word' id='word_1_97' title='bbox 531 2172 672 2269; x_wconf 86' lang='lat' dir='ltr'><strong>videris,</strong></span> <span class='ocrx_word' id='word_1_98' title='bbox 696 2186 866 2271; x_wconf 88' lang='lat' dir='ltr'><strong>quantum</strong></span> <span class='ocrx_word' id='word_1_99' title='bbox 883 2185 919 2243; x_wconf 84' lang='lat' dir='ltr'><strong>et</strong></span> <span class='ocrx_word' id='word_1_100' title='bbox 936 2171 1125 2272; x_wconf 70' lang='lat' dir='ltr'><strong>quando²9</strong></span> <span class='ocrx_word' id='word_1_101' title='bbox 1143 2186 1238 2246; x_wconf 92' lang='lat' dir='ltr'><strong>tuum</strong></span> 
     </span>
     <span class='ocr_line' id='line_1_16' title="bbox 250 2297 1237 2398; baseline 0.003 -28"><span class='ocrx_word' id='word_1_102' title='bbox 250 2325 375 2372; x_wconf 88' lang='lat' dir='ltr'><strong>munus</strong></span> <span class='ocrx_word' id='word_1_103' title='bbox 404 2297 499 2398; x_wconf 88' lang='lat' dir='ltr'><strong>apud</strong></span> <span class='ocrx_word' id='word_1_104' title='bbox 523 2324 578 2368; x_wconf 91' lang='lat' dir='ltr'><strong>me</strong></span> <span class='ocrx_word' id='word_1_105' title='bbox 604 2297 690 2369; x_wconf 89' lang='lat' dir='ltr'><strong>velis</strong></span> <span class='ocrx_word' id='word_1_106' title='bbox 714 2323 798 2370; x_wconf 91' lang='lat' dir='ltr'><strong>esse.</strong></span> <span class='ocrx_word' id='word_1_107' title='bbox 831 2297 985 2370; x_wconf 87' lang='lat' dir='ltr'><strong>Tantum</strong></span> <span class='ocrx_word' id='word_1_108' title='bbox 1013 2311 1047 2370; x_wconf 89' lang='lat' dir='ltr'><strong>tc</strong></span> <span class='ocrx_word' id='word_1_109' title='bbox 1074 2324 1180 2397; x_wconf 80' lang='lat' dir='ltr'><strong>rogo,</strong></span> <span class='ocrx_word' id='word_1_110' title='bbox 1203 2301 1237 2373; x_wconf 89' lang='lat' dir='ltr'><strong>iu</strong></span> 
     </span>
     <span class='ocr_line' id='line_1_17' title="bbox 249 2421 1237 2524; baseline 0.002 -29"><span class='ocrx_word' id='word_1_111' title='bbox 249 2425 352 2498; x_wconf 87' lang='lat' dir='ltr'><strong>Hirtii</strong></span> <span class='ocrx_word' id='word_1_112' title='bbox 383 2423 511 2496; x_wconf 42' lang='lat' dir='ltr'><strong>locutu*</strong></span> <span class='ocrx_word' id='word_1_113' title='bbox 528 2449 583 2494; x_wconf 90' lang='lat' dir='ltr'><strong>me</strong></span> <span class='ocrx_word' id='word_1_114' title='bbox 608 2421 736 2495; x_wconf 87' lang='lat' dir='ltr'><strong>subdas</strong></span> <span class='ocrx_word' id='word_1_115' title='bbox 754 2424 784 2471; x_wconf 81' lang='lat'><strong>³⁰</strong></span> <span class='ocrx_word' id='word_1_116' title='bbox 811 2438 847 2496; x_wconf 90' lang='lat' dir='ltr'><strong>et</strong></span> <span class='ocrx_word' id='word_1_117' title='bbox 871 2423 918 2496; x_wconf 88' lang='lat' dir='ltr'><strong>ad</strong></span> <span class='ocrx_word' id='word_1_118' title='bbox 941 2437 1040 2496; x_wconf 88' lang='lat' dir='ltr'><strong>tuum</strong></span> <span class='ocrx_word' id='word_1_119' title='bbox 1067 2451 1237 2524; x_wconf 89' lang='lat' dir='ltr'><strong>amorem,</strong></span> 
     </span>
     <span class='ocr_line' id='line_1_18' title="bbox 249 2548 783 2626; baseline -0.002 -4"><span class='ocrx_word' id='word_1_120' title='bbox 249 2550 354 2625; x_wconf 81' lang='lat' dir='ltr'><strong>etad</strong></span> <span class='ocrx_word' id='word_1_121' title='bbox 381 2576 491 2626; x_wconf 90' lang='lat' dir='ltr'><strong>meam</strong></span> <span class='ocrx_word' id='word_1_122' title='bbox 519 2548 783 2624; x_wconf 83' lang='lat' dir='ltr'><strong>observantiam</strong></span> 
     </span>
    </p>
   </div>
   <div class='ocr_carea' id='block_1_2' title="bbox 608 2929 1213 3033">
    <p class='ocr_par' dir='ltr' id='par_1_3' title="bbox 608 2929 1213 3033">
     <span class='ocr_line' id='line_1_19' title="bbox 608 2929 1213 3033; baseline -0.003 -31"><span class='ocrx_word' id='word_1_123' title='bbox 608 2929 889 3003; x_wconf 82' lang='lat' dir='ltr'><strong>ccccxxxv.</strong></span> <span class='ocrx_word' id='word_1_124' title='bbox 981 2973 1034 3028; x_wconf 51' lang='lat' dir='ltr'><strong>&lt;M</strong></span> <span class='ocrx_word' id='word_1_125' title='bbox 1053 2972 1213 3033; x_wconf 47' lang='lat' dir='ltr'><strong>„M</strong></span> 
     </span>
    </p>
   </div>
   <div class='ocr_carea' id='block_1_3' title="bbox 249 3107 1241 3405">
    <p class='ocr_par' dir='ltr' id='par_1_4' title="bbox 249 3107 1241 3405">
     <span class='ocr_line' id='line_1_20' title="bbox 249 3107 1237 3192; baseline 0.001 -24"><span class='ocrx_word' id='word_1_126' title='bbox 249 3118 466 3190; x_wconf 73' lang='lat' dir='ltr'><strong>Argrmtcntum.</strong></span> <span class='ocrx_word' id='word_1_127' title='bbox 489 3109 594 3167; x_wconf 81' lang='lat' dir='ltr'><strong>Furnii</strong></span> <span class='ocrx_word' id='word_1_128' title='bbox 616 3127 849 3188; x_wconf 86' lang='lat' dir='ltr'><strong>praeproperam</strong></span> <span class='ocrx_word' id='word_1_129' title='bbox 871 3107 1087 3167; x_wconf 79' lang='lat' dir='ltr'><strong>festinationem</strong></span> <span class='ocrx_word' id='word_1_130' title='bbox 1104 3110 1141 3168; x_wconf 86' lang='lat' dir='ltr'><strong>ad</strong></span> <span class='ocrx_word' id='word_1_131' title='bbox 1157 3131 1237 3192; x_wconf 83' lang='lat' dir='ltr'><strong>prac-</strong></span> 
     </span>
     <span class='ocr_line' id='line_1_21' title="bbox 290 3212 1241 3297; baseline 0 -21"><span class='ocrx_word' id='word_1_132' title='bbox 290 3232 386 3277; x_wconf 78' lang='lat' dir='ltr'><strong>turam</strong></span> <span class='ocrx_word' id='word_1_133' title='bbox 402 3215 557 3297; x_wconf 81' lang='lat' dir='ltr'><strong>petendam</strong></span> <span class='ocrx_word' id='word_1_134' title='bbox 571 3212 778 3295; x_wconf 81' lang='lat' dir='ltr'><strong>reprehendit;</strong></span> <span class='ocrx_word' id='word_1_135' title='bbox 793 3224 964 3293; x_wconf 78' lang='lat' dir='ltr'><strong>monetque,</strong></span> <span class='ocrx_word' id='word_1_136' title='bbox 976 3224 1008 3273; x_wconf 91' lang='lat' dir='ltr'><strong>ut</strong></span> <span class='ocrx_word' id='word_1_137' title='bbox 1023 3218 1124 3296; x_wconf 71' lang='lat' dir='ltr'><strong>[sotius</strong></span> <span class='ocrx_word' id='word_1_138' title='bbox 1135 3216 1241 3276; x_wconf 73' lang='lat' dir='ltr'><strong>absent</strong></span> 
     </span>
     <span class='ocr_line' id='line_1_22' title="bbox 288 3319 842 3405; baseline -0.004 -25"><span class='ocrx_word' id='word_1_139' title='bbox 288 3336 395 3405; x_wconf 56' lang='lat' dir='ltr'><strong>pergat</strong></span> <span class='ocrx_word' id='word_1_140' title='bbox 415 3323 451 3383; x_wconf 92' lang='lat' dir='ltr'><strong>de</strong></span> <span class='ocrx_word' id='word_1_141' title='bbox 474 3346 504 3381; x_wconf 88' lang='lat' dir='ltr'><strong>re</strong></span> <span class='ocrx_word' id='word_1_142' title='bbox 526 3320 607 3403; x_wconf 83' lang='lat' dir='ltr'><strong>publ.</strong></span> <span class='ocrx_word' id='word_1_143' title='bbox 629 3319 842 3381; x_wconf 81' lang='lat' dir='ltr'><strong>benemereti.</strong></span> 
     </span>
    </p>
   </div>
   <div class='ocr_carea' id='block_1_4' title="bbox 424 3551 1059 3617">
    <p class='ocr_par' dir='ltr' id='par_1_5' title="bbox 424 3551 1059 3617">
     <span class='ocr_line' id='line_1_23' title="bbox 424 3551 1059 3617; baseline -0.003 -11"><span class='ocrx_word' id='word_1_144' title='bbox 424 3557 477 3606; x_wconf 75' lang='lat' dir='ltr'><strong>Ser.</strong></span> <span class='ocrx_word' id='word_1_145' title='bbox 496 3556 590 3606; x_wconf 77' lang='lat' dir='ltr'><strong>bornae</strong></span> <span class='ocrx_word' id='word_1_146' title='bbox 608 3556 638 3605; x_wconf 76' lang='grc' dir='ltr'><strong>Δ.</strong></span> <span class='ocrx_word' id='word_1_147' title='bbox 655 3553 689 3606; x_wconf 87' lang='lat' dir='ltr'><strong>V.</strong></span> <span class='ocrx_word' id='word_1_148' title='bbox 707 3553 736 3604; x_wconf 87' lang='lat' dir='ltr'><strong>C.</strong></span> <span class='ocrx_word' id='word_1_149' title='bbox 756 3551 859 3617; x_wconf 76' lang='lat' dir='ltr'><strong>DCCX,</strong></span> <span class='ocrx_word' id='word_1_150' title='bbox 878 3570 964 3604; x_wconf 80' lang='lat' dir='ltr'><strong>mense</strong></span> <span class='ocrx_word' id='word_1_151' title='bbox 984 3553 1059 3605; x_wconf 75' lang='lat' dir='ltr'><strong>Maio.</strong></span> 
     </span>
    </p>
   </div>
   <div class='ocr_carea' id='block_1_5' title="bbox 465 3742 1017 3807">
    <p class='ocr_par' dir='ltr' id='par_1_6' title="bbox 465 3742 1017 3807">
     <span class='ocr_line' id='line_1_24' title="bbox 465 3742 1017 3807; baseline -0.002 0"><span class='ocrx_word' id='word_1_152' title='bbox 465 3746 507 3807; x_wconf 82' lang='lat' dir='ltr'><strong>M.</strong></span> <span class='ocrx_word' id='word_1_153' title='bbox 532 3743 674 3807; x_wconf 84' lang='lat' dir='ltr'>CICERO</span> <span class='ocrx_word' id='word_1_154' title='bbox 701 3745 729 3805; x_wconf 86' lang='lat' dir='ltr'><strong>S.</strong></span> <span class='ocrx_word' id='word_1_155' title='bbox 754 3743 791 3804; x_wconf 84' lang='lat' dir='ltr'><strong>l).</strong></span> <span class='ocrx_word' id='word_1_156' title='bbox 816 3742 849 3805; x_wconf 87' lang='lat' dir='ltr'><strong>C.</strong></span> <span class='ocrx_word' id='word_1_157' title='bbox 874 3743 1017 3807; x_wconf 75' lang='lat' dir='ltr'><strong>fvttuto</strong></span> 
     </span>
    </p>
   </div>
   <div class='ocr_carea' id='block_1_6' title="bbox 245 3930 1230 4158">
    <p class='ocr_par' dir='ltr' id='par_1_7' title="bbox 245 3930 1230 4158">
     <span class='ocr_line' id='line_1_25' title="bbox 295 3930 1230 4032; baseline -0.004 -25"><span class='ocrx_word' id='word_1_158' title='bbox 295 3936 409 4008; x_wconf 84' lang='lat' dir='ltr'><strong>Lectis</strong></span> <span class='ocrx_word' id='word_1_159' title='bbox 436 3933 503 4005; x_wconf 91' lang='lat' dir='ltr'><strong>tuis</strong></span> <span class='ocrx_word' id='word_1_160' title='bbox 519 3930 644 4028; x_wconf 88' lang='lat' dir='ltr'><strong>literis,</strong></span> <span class='ocrx_word' id='word_1_161' title='bbox 668 3931 793 4031; x_wconf 88' lang='lat' dir='ltr'><strong>quibus</strong></span> <span class='ocrx_word' id='word_1_162' title='bbox 811 3930 1028 4029; x_wconf 80' lang='lat' dir='ltr'><strong>declarabas,</strong></span> <span class='ocrx_word' id='word_1_163' title='bbox 1045 3930 1116 4032; x_wconf 70' lang='lat' dir='ltr'><strong>lant</strong></span> <span class='ocrx_word' id='word_1_164' title='bbox 1133 3934 1230 4006; x_wconf 84' lang='lat' dir='ltr'><strong>omit·</strong></span> 
     </span>
     <span class='ocr_line' id='line_1_26' title="bbox 245 4057 1230 4158; baseline -0.005 -22"><span class='ocrx_word' id='word_1_165' title='bbox 245 4061 396 4136; x_wconf 85' lang='lat' dir='ltr'><strong>tendos¹</strong></span> <span class='ocrx_word' id='word_1_166' title='bbox 416 4059 676 4155; x_wconf 86' lang='lat' dir='ltr'><strong>Narbonenses,</strong></span> <span class='ocrx_word' id='word_1_167' title='bbox 702 4071 761 4130; x_wconf 90' lang='lat' dir='ltr'><strong>aut</strong></span> <span class='ocrx_word' id='word_1_168' title='bbox 787 4084 867 4131; x_wconf 91' lang='lat' dir='ltr'><strong>cum</strong></span> <span class='ocrx_word' id='word_1_169' title='bbox 892 4057 1047 4158; x_wconf 88' lang='lat' dir='ltr'><strong>periculo</strong></span> <span class='ocrx_word' id='word_1_170' title='bbox 1066 4059 1230 4134; x_wconf 88' lang='lat' dir='ltr'><strong>dimican-</strong></span> 
     </span>
    </p>
   </div>
   <div class='ocr_carea' id='block_1_7' title="bbox 0 0 1316 4830">
    <p class='ocr_par' dir='ltr' id='par_1_8' title="bbox 0 0 1316 4830">
     <span class='ocr_line' id='line_1_27' title="bbox 0 0 1316 4830; baseline 0 0"><span class='ocrx_word' id='word_1_171' title='bbox 0 0 1316 4830; x_wconf 95' lang='lat' dir='ltr'><strong> </strong></span> 
     </span>
    </p>
   </div>
  </div>
 </body>
</html>
