2624 4830
460 437 494 486 ru
522 435 700 486 saissonis
970 418 1078 512 ,445

116 543 166 601 cui
188 541 333 600 consentit
352 538 418 599 cod.
438 539 543 619 niceti,
566 550 638 601 teste
652 540 796 600 Manutio.
818 542 890 601 Mox
903 541 1012 603 Ambb.
1026 566 1083 604 nn·

118 669 203 708 mcro
224 647 324 730 plures
343 650 384 710 ab
404 661 457 707 tna
476 649 533 708 vol.

83 756 119 831 ¹4
140 755 335 838 Lambfiaea
355 757 455 815 animo
476 777 541 815 meo
562 758 736 827 manebant,-
759 759 845 838 quia,
866 768 900 818 ut
913 770 1017 820 monet
1029 759 1085 820 Er·

119 875 211 940 nest,
232 862 364 924 clausula
384 863 550 925 hexametri
570 885 631 924 non
645 864 721 925 hene
737 864 883 927 sehabet.
907 866 968 927 Sed
981 871 1012 928 in
1026 869 1084 929 Le-

118 972 190 1053 pido
217 971 355 1053 serenda,
382 972 503 1054 quando
531 972 632 1033 Tullio
658 976 712 1055 ipsi
740 976 946 1035 inconcinnum
971 975 1083 1058 aliquid

120 1101 193 1162 prae
207 1091 291 1139 aestu
307 1079 453 1141 scribendi
469 1080 585 1142 excidit.
607 1081 677 1141 Cfer·
691 1101 756 1165 epp.
771 1082 936 1162 euvils,
950 1081 982 1144 ὅτ
1004 1082 1084 1144 Lau·

121 1186 233 1247 damur
257 1201 284 1248 et
310 1184 513 1249 laudabuntur
541 1188 653 1259 iidem3
678 1200 709 1250 et
738 1190 972 1250 CCLXXXVlll
1007 1203 1080 1252 extr.
1198 1263 1200 1268 ¹

120 1295 214 1378 laepta
234 1295 287 1355 tibi
311 1297 437 1356 salutem
462 1296 535 1357 dicit
558 1312 586 1357 et
608 1319 717 1376 omnes.
739 1297 825 1359 Adde
850 1297 999 1358 ncccxl
1024 1299 1081 1360 sub

121 1405 183 1462 init.
206 1414 235 1463 et
256 1403 417 1487 ccxclu,
443 1427 465 1464 ι.

82 1509 119 1579 15
139 1510 243 1570 Lamb.
257 1512 285 1570 si
297 1533 396 1571 meam
409 1514 514 1590 vitans,
535 1512 681 1590 studium,
701 1513 903 1594 diligentiam
922 1511 1031 1574 Ambb.
1045 1511 1081 1595 ³,

119 1639 154 1700 7,
179 1618 213 1678 13
235 1620 321 1681 sim.
343 1623 434 1680 uitam
454 1621 584 1682 studium
604 1620 842 1704 diligentissime,
867 1632 902 1681 ut
922 1620 1016 1682 Orell.

81 1723 118 1784 16
138 1724 233 1805 idest,
254 1746 332 1806 quae
353 1715 428 1810 vita,
449 1738 479 1788 et
499 1727 582 1810 quod
610 1728 744 1789 studium
764 1749 835 1790 vere
857 1728 972 1810 Lepido
993 1728 1083 1808 digna

117 1844 193 1893 suut.
215 1833 397 1917 Emphasim'
408 1836 457 1896 hic
477 1840 609 1918 agnoscit
628 1838 780 1897 Manutius
794 1847 918 1919 propter
931 1837 1083 1917 antiquam

117 1936 248 2000 familiae
262 1939 450 2024 dignitatem
471 1942 547 2003 Phil.
563 1944 650 2020 Xlll‚
670 1945 699 2022 4
722 1945 802 2004 Tuus
816 1943 903 2004 nmb.
918 1943 937 2003 3
951 1955 1084 2026 spectata

117 2047 217 2107 lrabes.
239 2049 362 2111 Museo
384 2050 538 2111 abundare
561 2063 663 2112 mouet
682 2051 841 2113 Manutius.
862 2051 1000 2112 Fortasse
1014 2051 1084 2111 seri·

118 2164 202 2237 ptum
224 2155 281 2218 luit
299 2171 354 2218 aru
372 2161 461 2219 ctiam
481 2160 641 2244 anipliora.

476 2481 690 2544 DCCCXXVl.

82 2727 92 2774 ι
119 2705 222 2766 Planci
242 2701 307 2784 (ep.
329 2697 466 2779 DCCCl)
487 2698 594 2781 legato.
615 2698 731 2760 Monuit.
752 2697 808 2758 Ed.
827 2699 883 2759 lto.
901 2695 933 2758 C.
948 2695 1082 2792 Furnio,-

119 2812 166 2873 ed.
188 2813 261 2871 lens.
283 2809 394 2868 Furnio
416 2828 480 2868 sno.

79 2943 97 2981 2
119 2919 201 2980 ldcrn
223 2915 328 2977 Lamb.
349 2936 473 2998 operam
494 2936 610 2977 navam.

79 3029 97 3089 3
119 3025 225 3087 Lamb.
246 3045 338 3110 neque
358 3024 471 3087 malins.

78 3137 99 3215 4
120 3134 222 3195 Ambr.
244 3153 261 3195 2
284 3153 353 3193 cum
375 3131 488 3215 aliquot
509 3132 572 3195 aliis
592 3129 838 3214 anteponendum.
865 3129 1012 3188 Graevius
1033 3137 1095 3187 ro·'

119 3243 202 3305 lebat
214 3240 429 3325 anteponenda.
449 3241 581 3300 Furnius
595 3238 770 3303 decreverat
782 3248 883 3320 petere
898 3245 1084 3317 praeturam,

119 3371 215 3432 quum
236 3350 369 3410 nondum
391 3360 509 3429 tempus
530 3349 593 3410 eius
613 3345 760 3428 petendae
774 3345 938 3426 legitimum
953 3339 1086 3401 advenis·

118 3468 171 3517 sct.
201 3457 278 3517 Hinc
300 3468 399 3516 censet
426 3456 547 3531 Cicero,
575 3475 714 3538 operam,
735 3473 826 3536 quam
848 3451 890 3512 rei
911 3445 993 3533 publ.
1015 3446 1085 3506 furis

119 3563 249 3625 navabat
268 3566 399 3624 Furnius
420 3565 450 3624 iu
471 3563 691 3644 exstinguendis
711 3560 779 3622 belli
794 3559 937 3641 reliqniis,
958 3575 1021 3616 esse
1033 3573 1087 3614 nn·

119 3671 319 3755 teponcndnm
342 3675 404 3732 cius
425 3671 603 3730 festinationi
625 3673 653 3730 in
674 3669 803 3752 petenda
823 3677 973 3750 praetura.

76 3780 97 3839 5
118 3779 271 3841 Corradus
292 3791 323 3841 et
343 3780 381 3843 de
401 3780 567 3840 Franciscis
593 3778 734 3839 volebant
759 3775 977 3857 sententiaqnc3
1003 3768 1087 3854 quod

118 3891 286 3948 invenimus
315 3892 345 3949 in
380 3887 475 3948 tribus
503 3890 629 3970 nostris,
655 3888 782 3949 in'llec.
812 3895 842 3948 et
867 3883 915 3952 ed.
941 3879 1022 3942 Med.
1048 3879 1088 3939 At

118 3995 214 4057 Orell.
236 3997 411 4059 coniiciebut
431 3997 675 4080 vermiculisque.
