<?xml version="1.0" encoding="UTF-8"?>
<!DOCTYPE html PUBLIC "-//W3C//DTD XHTML 1.0 Transitional//EN"
    "http://www.w3.org/TR/xhtml1/DTD/xhtml1-transitional.dtd">
<html xmlns="http://www.w3.org/1999/xhtml" xml:lang="en" lang="en">
 <head>
  <title>
</title>
<meta http-equiv="Content-Type" content="text/html;charset=utf-8" />
  <meta name='ocr-system' content='tesseract 3.04.00' />
  <meta name='ocr-capabilities' content='ocr_page ocr_carea ocr_par ocr_line ocrx_word'/>
</head>
<body>
  <div class='ocr_page' id='page_1' title='image "./mtulliiciceroni17cicegoog_0167.png"; bbox 0 0 2624 4830; ppageno 0'>
   <div class='ocr_carea' id='block_1_1' title="bbox 189 405 1294 3902">
    <p class='ocr_par' dir='ltr' id='par_1_1' title="bbox 189 405 1294 3902">
     <span class='ocr_line' id='line_1_1' title="bbox 264 405 1226 485; baseline 0.002 -9"><span class='ocrx_word' id='word_1_1' title='bbox 264 405 329 478; x_wconf 73' lang='lat'><strong>162</strong></span> <span class='ocrx_word' id='word_1_2' title='bbox 545 423 713 473; x_wconf 67' lang='lat' dir='ltr'><strong>ranarum</strong></span> <span class='ocrx_word' id='word_1_3' title='bbox 740 423 928 475; x_wconf 72' lang='lat' dir='ltr'><strong>occcxxxu.</strong></span> <span class='ocrx_word' id='word_1_4' title='bbox 1028 421 1060 470; x_wconf 76' lang='grc' dir='ltr'><strong>Δ.</strong></span> <span class='ocrx_word' id='word_1_5' title='bbox 1078 422 1114 480; x_wconf 75' lang='grc' dir='ltr'><strong>ν,</strong></span> <span class='ocrx_word' id='word_1_6' title='bbox 1129 426 1161 478; x_wconf 79' lang='lat' dir='ltr'><strong>c.</strong></span> <span class='ocrx_word' id='word_1_7' title='bbox 1177 437 1226 485; x_wconf 52' lang='grc' dir='ltr'><strong>,ιο</strong></span> 
     </span>
     <span class='ocr_line' id='line_1_2' title="bbox 256 522 1294 625; baseline -0.007 -23"><span class='ocrx_word' id='word_1_8' title='bbox 256 527 358 625; x_wconf 82' lang='lat' dir='ltr'><strong>dum,</strong></span> <span class='ocrx_word' id='word_1_9' title='bbox 385 525 469 598; x_wconf 84' lang='lat' dir='ltr'><strong>illud</strong></span> <span class='ocrx_word' id='word_1_10' title='bbox 494 524 603 622; x_wconf 73' lang='lat' dir='ltr'><strong>magis</strong></span> <span class='ocrx_word' id='word_1_11' title='bbox 631 523 746 597; x_wconf 83' lang='lat' dir='ltr'><strong>timui:</strong></span> <span class='ocrx_word' id='word_1_12' title='bbox 781 522 877 623; x_wconf 83' lang='lat' dir='ltr'><strong>quod</strong></span> <span class='ocrx_word' id='word_1_13' title='bbox 903 523 1051 598; x_wconf 78' lang='lat' dir='ltr'><strong>viuum</strong></span> <span class='ocrx_word' id='word_1_14' title='bbox 1074 547 1150 603; x_wconf 83' lang='lat' dir='ltr'><strong>uon</strong></span> <span class='ocrx_word' id='word_1_15' title='bbox 1175 552 1251 604; x_wconf 76' lang='lat' dir='ltr'><strong>mu·</strong></span> <span class='ocrx_word' id='word_1_16' title='bbox 1291 586 1294 595; x_wconf 95' lang='grc'><em>.</em></span> 
     </span>
     <span class='ocr_line' id='line_1_3' title="bbox 256 646 1250 744; baseline -0.005 -20"><span class='ocrx_word' id='word_1_17' title='bbox 256 652 344 727; x_wconf 78' lang='lat' dir='ltr'><strong>leste</strong></span> <span class='ocrx_word' id='word_1_18' title='bbox 375 651 456 726; x_wconf 84' lang='lat' dir='ltr'><strong>fero.</strong></span> <span class='ocrx_word' id='word_1_19' title='bbox 489 647 597 744; x_wconf 84' lang='lat' dir='ltr'><strong>Quod</strong></span> <span class='ocrx_word' id='word_1_20' title='bbox 630 648 675 721; x_wconf 83' lang='lat' dir='ltr'><strong>de</strong></span> <span class='ocrx_word' id='word_1_21' title='bbox 704 646 827 729; x_wconf 71' lang='lat' dir='ltr'><strong>Planci</strong></span> <span class='ocrx_word' id='word_1_22' title='bbox 859 662 895 720; x_wconf 87' lang='lat' dir='ltr'><strong>et</strong></span> <span class='ocrx_word' id='word_1_23' title='bbox 925 649 1025 727; x_wconf 82' lang='lat' dir='ltr'><strong>Bnati</strong></span> <span class='ocrx_word' id='word_1_24' title='bbox 1056 651 1250 731; x_wconf 57' lang='lat' dir='ltr'><strong>omont&amp;</strong></span> 
     </span>
     <span class='ocr_line' id='line_1_4' title="bbox 255 774 1248 879; baseline -0.001 -25"><span class='ocrx_word' id='word_1_25' title='bbox 255 779 395 879; x_wconf 82' lang='lat' dir='ltr'><strong>scribis,</strong></span> <span class='ocrx_word' id='word_1_26' title='bbox 418 778 456 851; x_wconf 89' lang='lat' dir='ltr'><strong>iu</strong></span> <span class='ocrx_word' id='word_1_27' title='bbox 480 802 523 851; x_wconf 99' lang='lat' dir='ltr'><strong>eo</strong></span> <span class='ocrx_word' id='word_1_28' title='bbox 548 774 604 850; x_wconf 89' lang='lat' dir='ltr'><strong>vel</strong></span> <span class='ocrx_word' id='word_1_29' title='bbox 628 775 815 848; x_wconf 78' lang='lat' dir='ltr'><strong>maximam</strong></span> <span class='ocrx_word' id='word_1_30' title='bbox 841 800 940 875; x_wconf 77' lang='lat' dir='ltr'><strong>spem</strong></span> <span class='ocrx_word' id='word_1_31' title='bbox 957 799 1054 875; x_wconf 87' lang='lat' dir='ltr'><strong>pouo</strong></span> <span class='ocrx_word' id='word_1_32' title='bbox 1071 777 1248 853; x_wconf 83' lang='lat' dir='ltr'><strong>victoriae.</strong></span> 
     </span>
     <span class='ocr_line' id='line_1_5' title="bbox 256 899 1249 1002; baseline -0.001 -22"><span class='ocrx_word' id='word_1_33' title='bbox 256 907 310 980; x_wconf 87' lang='lat' dir='ltr'><strong>De</strong></span> <span class='ocrx_word' id='word_1_34' title='bbox 342 903 523 979; x_wconf 80' lang='lat' dir='ltr'><strong>Gallorum</strong></span> <span class='ocrx_word' id='word_1_35' title='bbox 554 901 672 976; x_wconf 86' lang='lat' dir='ltr'><strong>studio</strong></span> <span class='ocrx_word' id='word_1_36' title='bbox 690 917 715 1001; x_wconf 78' lang='lat'><strong>²,</strong></span> <span class='ocrx_word' id='word_1_37' title='bbox 739 927 804 974; x_wconf 90' lang='lat' dir='ltr'><strong>nos</strong></span> <span class='ocrx_word' id='word_1_38' title='bbox 837 899 1026 1002; x_wconf 91' lang='lat' dir='ltr'><strong>aliquando</strong></span> <span class='ocrx_word' id='word_1_39' title='bbox 1058 927 1249 1001; x_wconf 83' lang='lat' dir='ltr'><strong>cognosco-</strong></span> 
     </span>
     <span class='ocr_line' id='line_1_6' title="bbox 258 1027 1248 1129; baseline -0.001 -24"><span class='ocrx_word' id='word_1_40' title='bbox 258 1058 356 1129; x_wconf 81' lang='lat' dir='ltr'><strong>mus‚</strong></span> <span class='ocrx_word' id='word_1_41' title='bbox 386 1045 426 1102; x_wconf 92' lang='lat' dir='ltr'><strong>ut</strong></span> <span class='ocrx_word' id='word_1_42' title='bbox 450 1027 588 1127; x_wconf 79' lang='lat' dir='ltr'><strong>scribis,</strong></span> <span class='ocrx_word' id='word_1_43' title='bbox 620 1029 716 1102; x_wconf 89' lang='lat' dir='ltr'><strong>cuius</strong></span> <span class='ocrx_word' id='word_1_44' title='bbox 743 1027 779 1099; x_wconf 88' lang='lat' dir='ltr'><strong>id</strong></span> <span class='ocrx_word' id='word_1_45' title='bbox 805 1053 912 1126; x_wconf 86' lang='lat' dir='ltr'><strong>opera</strong></span> <span class='ocrx_word' id='word_1_46' title='bbox 945 1028 1093 1100; x_wconf 84' lang='lat' dir='ltr'><strong>maxime</strong></span> <span class='ocrx_word' id='word_1_47' title='bbox 1120 1031 1248 1104; x_wconf 81' lang='lat' dir='ltr'><strong>excita·</strong></span> 
     </span>
     <span class='ocr_line' id='line_1_7' title="bbox 258 1153 1249 1251; baseline 0.001 -22"><span class='ocrx_word' id='word_1_48' title='bbox 258 1172 336 1231; x_wconf 81' lang='lat' dir='ltr'><strong>tum</strong></span> <span class='ocrx_word' id='word_1_49' title='bbox 350 1157 405 1229; x_wconf 77' lang='lat' dir='ltr'><strong>sit</strong></span> <span class='ocrx_word' id='word_1_50' title='bbox 429 1154 502 1228; x_wconf 75' lang='lat' dir='ltr'><strong>ssd</strong></span> <span class='ocrx_word' id='word_1_51' title='bbox 523 1155 608 1251; x_wconf 73' lang='lat' dir='ltr'><strong>iam,</strong></span> <span class='ocrx_word' id='word_1_52' title='bbox 631 1153 716 1225; x_wconf 80' lang='lat' dir='ltr'><strong>milri</strong></span> <span class='ocrx_word' id='word_1_53' title='bbox 742 1153 861 1251; x_wconf 70' lang='lat' dir='ltr'><strong>onds,</strong></span> <span class='ocrx_word' id='word_1_54' title='bbox 886 1154 1115 1251; x_wconf 72' lang='lat' dir='ltr'><strong>cognorimus</strong></span> <span class='ocrx_word' id='word_1_55' title='bbox 1132 1156 1159 1229; x_wconf 73' lang='lat'><strong>².</strong></span> <span class='ocrx_word' id='word_1_56' title='bbox 1183 1156 1249 1229; x_wconf 81' lang='lat' dir='ltr'><strong>lta·</strong></span> 
     </span>
     <span class='ocr_line' id='line_1_8' title="bbox 257 1277 1249 1384; baseline 0.002 -29"><span class='ocrx_word' id='word_1_57' title='bbox 257 1307 326 1384; x_wconf 90' lang='lat' dir='ltr'><strong>que</strong></span> <span class='ocrx_word' id='word_1_58' title='bbox 349 1281 606 1356; x_wconf 80' lang='lat' dir='ltr'><strong>iucundissimis</strong></span> <span class='ocrx_word' id='word_1_59' title='bbox 631 1279 698 1351; x_wconf 82' lang='lat' dir='ltr'><strong>tuis</strong></span> <span class='ocrx_word' id='word_1_60' title='bbox 723 1278 831 1354; x_wconf 84' lang='lat' dir='ltr'><strong>literis</strong></span> <span class='ocrx_word' id='word_1_61' title='bbox 856 1277 1097 1353; x_wconf 67' lang='lat' dir='ltr'><strong>stomachatus</strong></span> <span class='ocrx_word' id='word_1_62' title='bbox 1115 1306 1197 1354; x_wconf 69' lang='lat' dir='ltr'><strong>sum</strong></span> <span class='ocrx_word' id='word_1_63' title='bbox 1212 1282 1249 1359; x_wconf 88' lang='lat' dir='ltr'><strong>in</strong></span> 
     </span>
     <span class='ocr_line' id='line_1_9' title="bbox 256 1401 1249 1504; baseline 0 -25"><span class='ocrx_word' id='word_1_64' title='bbox 256 1421 413 1480; x_wconf 80' lang='lat' dir='ltr'><strong>extremo</strong></span> <span class='ocrx_word' id='word_1_65' title='bbox 429 1405 454 1477; x_wconf 82' lang='lat' dir='ltr'><strong>i.</strong></span> <span class='ocrx_word' id='word_1_66' title='bbox 480 1403 606 1478; x_wconf 84' lang='lat' dir='ltr'><strong>Scribis</strong></span> <span class='ocrx_word' id='word_1_67' title='bbox 631 1406 742 1502; x_wconf 86' lang='lat' dir='ltr'><strong>enim,</strong></span> <span class='ocrx_word' id='word_1_68' title='bbox 766 1405 794 1476; x_wconf 88' lang='lat' dir='ltr'><strong>si</strong></span> <span class='ocrx_word' id='word_1_69' title='bbox 820 1403 856 1475; x_wconf 92' lang='lat' dir='ltr'><strong>in</strong></span> <span class='ocrx_word' id='word_1_70' title='bbox 882 1401 1046 1477; x_wconf 76' lang='lat' dir='ltr'><strong>Sextilem</strong></span> <span class='ocrx_word' id='word_1_71' title='bbox 1068 1407 1210 1480; x_wconf 84' lang='lat' dir='ltr'><strong>comitia</strong></span> <span class='ocrx_word' id='word_1_72' title='bbox 1224 1409 1249 1504; x_wconf 81' lang='lat'><strong>¹,</strong></span> 
     </span>
     <span class='ocr_line' id='line_1_10' title="bbox 256 1528 1249 1630; baseline -0.003 -23"><span class='ocrx_word' id='word_1_73' title='bbox 256 1535 329 1617; x_wconf 77' lang='lat' dir='ltr'><strong>cito</strong></span> <span class='ocrx_word' id='word_1_74' title='bbox 354 1548 402 1606; x_wconf 89' lang='lat' dir='ltr'><strong>te:</strong></span> <span class='ocrx_word' id='word_1_75' title='bbox 427 1534 480 1613; x_wconf 80' lang='lat' dir='ltr'><strong>sin</strong></span> <span class='ocrx_word' id='word_1_76' title='bbox 506 1534 575 1617; x_wconf 85' lang='lat' dir='ltr'><strong>iam</strong></span> <span class='ocrx_word' id='word_1_77' title='bbox 600 1531 776 1630; x_wconf 70' lang='lat' dir='ltr'><strong>coniecta,</strong></span> <span class='ocrx_word' id='word_1_78' title='bbox 802 1529 918 1627; x_wconf 83' lang='lat' dir='ltr'><strong>citius,</strong></span> <span class='ocrx_word' id='word_1_79' title='bbox 943 1554 987 1603; x_wconf 90' lang='lat' dir='ltr'><strong>ne</strong></span> <span class='ocrx_word' id='word_1_80' title='bbox 1013 1528 1145 1610; x_wconf 79' lang='lat' dir='ltr'><strong>diutius</strong></span> <span class='ocrx_word' id='word_1_81' title='bbox 1169 1559 1249 1604; x_wconf 85' lang='lat' dir='ltr'><strong>oum</strong></span> 
     </span>
     <span class='ocr_line' id='line_1_11' title="bbox 257 1656 1251 1773; baseline -0.002 -34"><span class='ocrx_word' id='word_1_82' title='bbox 257 1659 412 1773; x_wconf 69' lang='lat' dir='ltr'><strong>periculo</strong></span> <span class='ocrx_word' id='word_1_83' title='bbox 446 1658 562 1745; x_wconf 71' lang='lat' dir='ltr'><strong>[aluus</strong></span> <span class='ocrx_word' id='word_1_84' title='bbox 592 1659 650 1741; x_wconf 77' lang='lat' dir='ltr'><strong>ais.</strong></span> <span class='ocrx_word' id='word_1_85' title='bbox 676 1658 708 1737; x_wconf 84' lang='grc' dir='ltr'>Ο</span> <span class='ocrx_word' id='word_1_86' title='bbox 735 1657 784 1739; x_wconf 78' lang='lat' dir='ltr'><strong>uti</strong></span> <span class='ocrx_word' id='word_1_87' title='bbox 807 1656 932 1756; x_wconf 82' lang='lat' dir='ltr'><strong>Furni,</strong></span> <span class='ocrx_word' id='word_1_88' title='bbox 957 1682 1063 1765; x_wconf 81' lang='lat' dir='ltr'><strong>quam</strong></span> <span class='ocrx_word' id='word_1_89' title='bbox 1089 1671 1128 1737; x_wconf 89' lang='lat' dir='ltr'><strong>tu</strong></span> <span class='ocrx_word' id='word_1_90' title='bbox 1154 1671 1251 1737; x_wconf 82' lang='lat' dir='ltr'><strong>tuam</strong></span> 
     </span>
     <span class='ocr_line' id='line_1_12' title="bbox 256 1780 1252 1883; baseline -0.009 -11"><span class='ocrx_word' id='word_1_91' title='bbox 256 1789 429 1871; x_wconf 51' lang='grc' dir='ltr'><strong>ΨΜ</strong></span> <span class='ocrx_word' id='word_1_92' title='bbox 454 1810 527 1870; x_wconf 80' lang='lat' dir='ltr'><strong>uon</strong></span> <span class='ocrx_word' id='word_1_93' title='bbox 551 1784 660 1881; x_wconf 71' lang='lat' dir='ltr'><strong>uoti,</strong></span> <span class='ocrx_word' id='word_1_94' title='bbox 684 1783 744 1883; x_wconf 86' lang='lat' dir='ltr'><strong>qui</strong></span> <span class='ocrx_word' id='word_1_95' title='bbox 765 1780 895 1867; x_wconf 68' lang='lat' dir='ltr'><strong>annas</strong></span> <span class='ocrx_word' id='word_1_96' title='bbox 912 1796 985 1864; x_wconf 82' lang='lat' dir='ltr'><strong>tam</strong></span> <span class='ocrx_word' id='word_1_97' title='bbox 999 1781 1101 1866; x_wconf 72' lang='lat' dir='ltr'><strong>tacte</strong></span> <span class='ocrx_word' id='word_1_98' title='bbox 1119 1783 1252 1864; x_wconf 70' lang='lat' dir='ltr'><strong>duent</strong></span> 
     </span>
     <span class='ocr_line' id='line_1_13' title="bbox 255 1908 1249 2010; baseline 0.003 -26"><span class='ocrx_word' id='word_1_99' title='bbox 255 1911 313 1985; x_wconf 78' lang='lat' dir='ltr'><strong>Tu</strong></span> <span class='ocrx_word' id='word_1_100' title='bbox 339 1937 434 1986; x_wconf 79' lang='lat' dir='ltr'><strong>muru</strong></span> <span class='ocrx_word' id='word_1_101' title='bbox 457 1909 683 1986; x_wconf 68' lang='lat' dir='ltr'><strong>nouarum</strong></span> <span class='ocrx_word' id='word_1_102' title='bbox 707 1923 746 1982; x_wconf 84' lang='lat' dir='ltr'><strong>to</strong></span> <span class='ocrx_word' id='word_1_103' title='bbox 769 1922 889 2008; x_wconf 78' lang='lat' dir='ltr'><strong>potua,</strong></span> <span class='ocrx_word' id='word_1_104' title='bbox 914 1923 953 1986; x_wconf 82' lang='lat' dir='ltr'><strong>at</strong></span> <span class='ocrx_word' id='word_1_105' title='bbox 973 1908 1012 1986; x_wconf 83' lang='lat' dir='ltr'><strong>&#39;td</strong></span> <span class='ocrx_word' id='word_1_106' title='bbox 1037 1911 1192 2010; x_wconf 63' lang='lat' dir='ltr'><strong>cogitas,</strong></span> <span class='ocrx_word' id='word_1_107' title='bbox 1210 1924 1249 1987; x_wconf 77' lang='lat' dir='ltr'><strong>ut</strong></span> 
     </span>
     <span class='ocr_line' id='line_1_14' title="bbox 257 2034 1249 2133; baseline -0.007 -23"><span class='ocrx_word' id='word_1_108' title='bbox 257 2054 318 2110; x_wconf 86' lang='lat' dir='ltr'><strong>aut</strong></span> <span class='ocrx_word' id='word_1_109' title='bbox 351 2039 400 2112; x_wconf 78' lang='lat' dir='ltr'><strong>arl</strong></span> <span class='ocrx_word' id='word_1_110' title='bbox 429 2038 577 2112; x_wconf 77' lang='lat' dir='ltr'><strong>eomitia&#39;</strong></span> <span class='ocrx_word' id='word_1_111' title='bbox 605 2062 742 2132; x_wconf 77' lang='lat' dir='ltr'><strong>osaias,</strong></span> <span class='ocrx_word' id='word_1_112' title='bbox 773 2049 847 2133; x_wconf 81' lang='lat' dir='ltr'><strong>aat,</strong></span> <span class='ocrx_word' id='word_1_113' title='bbox 880 2036 910 2108; x_wconf 87' lang='lat' dir='ltr'><strong>si</strong></span> <span class='ocrx_word' id='word_1_114' title='bbox 942 2037 1012 2108; x_wconf 87' lang='lat' dir='ltr'><strong>iam</strong></span> <span class='ocrx_word' id='word_1_115' title='bbox 1046 2034 1249 2133; x_wconf 70' lang='lat' dir='ltr'><strong>maiestas,</strong></span> 
     </span>
     <span class='ocr_line' id='line_1_15' title="bbox 256 2136 1248 2269; baseline -0.001 -32"><span class='ocrx_word' id='word_1_116' title='bbox 256 2163 353 2237; x_wconf 83' lang='lat' dir='ltr'><strong>domi</strong></span> <span class='ocrx_word' id='word_1_117' title='bbox 371 2178 451 2236; x_wconf 87' lang='lat' dir='ltr'><strong>tuae</strong></span> <span class='ocrx_word' id='word_1_118' title='bbox 466 2167 530 2262; x_wconf 82' lang='lat' dir='ltr'><strong>sis,</strong></span> <span class='ocrx_word' id='word_1_119' title='bbox 555 2188 600 2236; x_wconf 88' lang='lat' dir='ltr'><strong>ne</strong></span> <span class='ocrx_word' id='word_1_120' title='bbox 625 2136 710 2234; x_wconf 34' lang='lat' dir='ltr'><strong>cnm·</strong></span> <span class='ocrx_word' id='word_1_121' title='bbox 732 2162 883 2234; x_wconf 79' lang='lat' dir='ltr'><strong>marimo</strong></span> <span class='ocrx_word' id='word_1_122' title='bbox 909 2159 1079 2269; x_wconf 63' lang='lat' dir='ltr'><strong>pauculo,</strong></span> <span class='ocrx_word' id='word_1_123' title='bbox 1104 2176 1146 2236; x_wconf 85' lang='lat' dir='ltr'><strong>ut</strong></span> <span class='ocrx_word' id='word_1_124' title='bbox 1168 2163 1248 2236; x_wconf 86' lang='lat' dir='ltr'><strong>scri·</strong></span> 
     </span>
     <span class='ocr_line' id='line_1_16' title="bbox 256 2286 1247 2386; baseline -0.001 -26"><span class='ocrx_word' id='word_1_125' title='bbox 256 2288 327 2386; x_wconf 79' lang='lat' dir='ltr'><strong>bis,</strong></span> <span class='ocrx_word' id='word_1_126' title='bbox 352 2287 571 2361; x_wconf 87' lang='lat' dir='ltr'><strong>stultissimus</strong></span> <span class='ocrx_word' id='word_1_127' title='bbox 600 2290 658 2360; x_wconf 89' lang='lat' dir='ltr'><strong>sis.</strong></span> <span class='ocrx_word' id='word_1_128' title='bbox 691 2286 770 2361; x_wconf 92' lang='lat' dir='ltr'><strong>Non</strong></span> <span class='ocrx_word' id='word_1_129' title='bbox 803 2287 952 2360; x_wconf 77' lang='lat' dir='ltr'><strong>arbitror</strong></span> <span class='ocrx_word' id='word_1_130' title='bbox 976 2287 1085 2360; x_wconf 82' lang='lat' dir='ltr'><strong>teitu</strong></span> <span class='ocrx_word' id='word_1_131' title='bbox 1110 2288 1247 2361; x_wconf 87' lang='lat' dir='ltr'><strong>sentire.</strong></span> 
     </span>
     <span class='ocr_line' id='line_1_17' title="bbox 256 2413 1247 2512; baseline 0 -27"><span class='ocrx_word' id='word_1_132' title='bbox 256 2415 388 2486; x_wconf 83' lang='lat' dir='ltr'><strong>Omnes</strong></span> <span class='ocrx_word' id='word_1_133' title='bbox 405 2415 498 2485; x_wconf 85' lang='lat' dir='ltr'><strong>enim</strong></span> <span class='ocrx_word' id='word_1_134' title='bbox 516 2429 594 2485; x_wconf 87' lang='lat' dir='ltr'><strong>tuos</strong></span> <span class='ocrx_word' id='word_1_135' title='bbox 612 2414 658 2484; x_wconf 86' lang='lat' dir='ltr'><strong>ad</strong></span> <span class='ocrx_word' id='word_1_136' title='bbox 680 2413 820 2485; x_wconf 82' lang='lat' dir='ltr'><strong>laudem</strong></span> <span class='ocrx_word' id='word_1_137' title='bbox 846 2413 995 2512; x_wconf 85' lang='lat' dir='ltr'><strong>impetus</strong></span> <span class='ocrx_word' id='word_1_138' title='bbox 1021 2413 1116 2487; x_wconf 87' lang='lat' dir='ltr'><strong>novi.</strong></span> <span class='ocrx_word' id='word_1_139' title='bbox 1142 2413 1247 2507; x_wconf 92' lang='lat' dir='ltr'><strong>Quod</strong></span> 
     </span>
     <span class='ocr_line' id='line_1_18' title="bbox 257 2538 1245 2641; baseline 0.004 -33"><span class='ocrx_word' id='word_1_140' title='bbox 257 2541 303 2630; x_wconf 88' lang='lat' dir='ltr'><strong>si,</strong></span> <span class='ocrx_word' id='word_1_141' title='bbox 328 2553 367 2610; x_wconf 89' lang='lat' dir='ltr'><strong>ut</strong></span> <span class='ocrx_word' id='word_1_142' title='bbox 391 2538 531 2635; x_wconf 82' lang='lat' dir='ltr'><strong>scribis,</strong></span> <span class='ocrx_word' id='word_1_143' title='bbox 556 2540 604 2610; x_wconf 90' lang='lat' dir='ltr'><strong>ita</strong></span> <span class='ocrx_word' id='word_1_144' title='bbox 630 2541 755 2636; x_wconf 78' lang='lat' dir='ltr'><strong>sentis,</strong></span> <span class='ocrx_word' id='word_1_145' title='bbox 780 2564 852 2610; x_wconf 91' lang='lat' dir='ltr'><strong>nou</strong></span> <span class='ocrx_word' id='word_1_146' title='bbox 871 2540 977 2636; x_wconf 90' lang='lat' dir='ltr'><strong>magis</strong></span> <span class='ocrx_word' id='word_1_147' title='bbox 1003 2553 1056 2638; x_wconf 83' lang='lat' dir='ltr'><strong>te,</strong></span> <span class='ocrx_word' id='word_1_148' title='bbox 1080 2567 1187 2641; x_wconf 88' lang='lat' dir='ltr'><strong>quam</strong></span> <span class='ocrx_word' id='word_1_149' title='bbox 1204 2540 1245 2612; x_wconf 86' lang='lat' dir='ltr'><strong>de</strong></span> 
     </span>
     <span class='ocr_line' id='line_1_19' title="bbox 256 2663 1245 2765; baseline -0.001 -29"><span class='ocrx_word' id='word_1_150' title='bbox 256 2678 291 2736; x_wconf 88' lang='lat' dir='ltr'><strong>te</strong></span> <span class='ocrx_word' id='word_1_151' title='bbox 323 2663 489 2735; x_wconf 85' lang='lat' dir='ltr'><strong>iudicium</strong></span> <span class='ocrx_word' id='word_1_152' title='bbox 526 2664 744 2762; x_wconf 86' lang='lat' dir='ltr'><strong>reprehendo</strong></span> <span class='ocrx_word' id='word_1_153' title='bbox 783 2690 907 2736; x_wconf 88' lang='lat' dir='ltr'><strong>meum.</strong></span> <span class='ocrx_word' id='word_1_154' title='bbox 944 2664 996 2736; x_wconf 88' lang='lat' dir='ltr'><strong>Te</strong></span> <span class='ocrx_word' id='word_1_155' title='bbox 1029 2663 1245 2765; x_wconf 87' lang='lat' dir='ltr'><strong>adipiscendi</strong></span> 
     </span>
     <span class='ocr_line' id='line_1_20' title="bbox 189 2788 1245 2889; baseline 0.003 -30"><span class='ocrx_word' id='word_1_156' title='bbox 189 2795 199 2817; x_wconf 88' lang='lat'>&#39;</span> <span class='ocrx_word' id='word_1_157' title='bbox 255 2790 474 2886; x_wconf 85' lang='lat' dir='ltr'><strong>magistratus</strong></span> <span class='ocrx_word' id='word_1_158' title='bbox 499 2788 664 2862; x_wconf 87' lang='lat' dir='ltr'><strong>levissimi</strong></span> <span class='ocrx_word' id='word_1_159' title='bbox 687 2805 724 2862; x_wconf 92' lang='lat' dir='ltr'><strong>et</strong></span> <span class='ocrx_word' id='word_1_160' title='bbox 748 2790 1014 2889; x_wconf 83' lang='lat' dir='ltr'><strong>divulgatissimi</strong></span> <span class='ocrx_word' id='word_1_161' title='bbox 1038 2793 1088 2878; x_wconf 91' lang='lat' dir='ltr'><strong>(si</strong></span> <span class='ocrx_word' id='word_1_162' title='bbox 1105 2794 1155 2865; x_wconf 90' lang='lat' dir='ltr'><strong>ita</strong></span> <span class='ocrx_word' id='word_1_163' title='bbox 1173 2792 1245 2865; x_wconf 91' lang='lat' dir='ltr'><strong>adi-</strong></span> 
     </span>
     <span class='ocr_line' id='line_1_21' title="bbox 255 2914 1244 3017; baseline 0.002 -31"><span class='ocrx_word' id='word_1_164' title='bbox 255 2915 410 3014; x_wconf 63' lang='lat' dir='ltr'><strong>piscare,</strong></span> <span class='ocrx_word' id='word_1_165' title='bbox 430 2929 469 2995; x_wconf 80' lang='lat' dir='ltr'><strong>ut</strong></span> <span class='ocrx_word' id='word_1_166' title='bbox 493 2914 699 3016; x_wconf 66' lang='lat' dir='ltr'><strong>pleriquo⁸t</strong></span> <span class='ocrx_word' id='word_1_167' title='bbox 722 2941 956 3017; x_wconf 71' lang='lat' dir='ltr'><strong>ptaepsopera</strong></span> <span class='ocrx_word' id='word_1_168' title='bbox 987 2916 1163 2992; x_wconf 77' lang='lat' dir='ltr'><strong>festinatio</strong></span> <span class='ocrx_word' id='word_1_169' title='bbox 1188 2916 1244 2989; x_wconf 89' lang='lat' dir='ltr'><strong>ab·</strong></span> 
     </span>
     <span class='ocr_line' id='line_1_22' title="bbox 254 3040 1243 3152; baseline 0.002 -37"><span class='ocrx_word' id='word_1_170' title='bbox 254 3040 361 3123; x_wconf 82' lang='lat' dir='ltr'><strong>ducet</strong></span> <span class='ocrx_word' id='word_1_171' title='bbox 384 3067 405 3115; x_wconf 89' lang='lat' dir='ltr'><strong>a</strong></span> <span class='ocrx_word' id='word_1_172' title='bbox 432 3044 538 3123; x_wconf 73' lang='lat' dir='ltr'><strong>tantis</strong></span> <span class='ocrx_word' id='word_1_173' title='bbox 562 3040 741 3141; x_wconf 80' lang='lat' dir='ltr'><strong>laudibus,</strong></span> <span class='ocrx_word' id='word_1_174' title='bbox 765 3042 890 3152; x_wconf 80' lang='lat' dir='ltr'><strong>quibus</strong></span> <span class='ocrx_word' id='word_1_175' title='bbox 915 3057 950 3116; x_wconf 82' lang='lat' dir='ltr'><strong>te</strong></span> <span class='ocrx_word' id='word_1_176' title='bbox 976 3068 1097 3120; x_wconf 84' lang='lat' dir='ltr'><strong>omues</strong></span> <span class='ocrx_word' id='word_1_177' title='bbox 1115 3045 1153 3117; x_wconf 91' lang='lat' dir='ltr'><strong>in</strong></span> <span class='ocrx_word' id='word_1_178' title='bbox 1170 3070 1243 3117; x_wconf 72' lang='lat' dir='ltr'><strong>cae</strong></span> 
     </span>
     <span class='ocr_line' id='line_1_23' title="bbox 253 3166 1242 3269; baseline 0.01 -30"><span class='ocrx_word' id='word_1_179' title='bbox 253 3166 328 3240; x_wconf 81' lang='lat' dir='ltr'><strong>lum</strong></span> <span class='ocrx_word' id='word_1_180' title='bbox 352 3168 427 3242; x_wconf 84' lang='lat' dir='ltr'><strong>iure</strong></span> <span class='ocrx_word' id='word_1_181' title='bbox 448 3183 485 3241; x_wconf 82' lang='lat' dir='ltr'><strong>ot</strong></span> <span class='ocrx_word' id='word_1_182' title='bbox 509 3194 589 3241; x_wconf 81' lang='lat' dir='ltr'><strong>vera</strong></span> <span class='ocrx_word' id='word_1_183' title='bbox 614 3167 749 3242; x_wconf 71' lang='lat' dir='ltr'><strong>serunt}</strong></span> <span class='ocrx_word' id='word_1_184' title='bbox 774 3167 1113 3269; x_wconf 63' lang='lat' dir='ltr'><strong>Soilioetidagitur,</strong></span> <span class='ocrx_word' id='word_1_185' title='bbox 1129 3184 1242 3249; x_wconf 71' lang='lat' dir='ltr'><strong>uiuum</strong></span> 
     </span>
     <span class='ocr_line' id='line_1_24' title="bbox 254 3295 1243 3396; baseline 0 -30"><span class='ocrx_word' id='word_1_186' title='bbox 254 3295 319 3368; x_wconf 83' lang='lat' dir='ltr'><strong>lrac</strong></span> <span class='ocrx_word' id='word_1_187' title='bbox 352 3297 541 3395; x_wconf 75' lang='lat' dir='ltr'><strong>petitione,</strong></span> <span class='ocrx_word' id='word_1_188' title='bbox 573 3319 617 3366; x_wconf 93' lang='lat' dir='ltr'><strong>an</strong></span> <span class='ocrx_word' id='word_1_189' title='bbox 650 3296 809 3394; x_wconf 84' lang='lat' dir='ltr'><strong>proxima</strong></span> <span class='ocrx_word' id='word_1_190' title='bbox 836 3311 978 3395; x_wconf 89' lang='lat' dir='ltr'><strong>praetor</strong></span> <span class='ocrx_word' id='word_1_191' title='bbox 1001 3298 1089 3396; x_wconf 40' lang='lat' dir='ltr'><strong>nass</strong></span> <span class='ocrx_word' id='word_1_192' title='bbox 1109 3322 1184 3370; x_wconf 79' lang='lat' dir='ltr'><strong>nou</strong></span> <span class='ocrx_word' id='word_1_193' title='bbox 1206 3309 1243 3367; x_wconf 87' lang='lat' dir='ltr'><strong>ut</strong></span> 
     </span>
     <span class='ocr_line' id='line_1_25' title="bbox 253 3420 1242 3522; baseline 0.002 -30"><span class='ocrx_word' id='word_1_194' title='bbox 253 3423 300 3493; x_wconf 88' lang='lat' dir='ltr'><strong>ita</strong></span> <span class='ocrx_word' id='word_1_195' title='bbox 320 3420 362 3493; x_wconf 88' lang='lat' dir='ltr'><strong>de</strong></span> <span class='ocrx_word' id='word_1_196' title='bbox 380 3421 572 3521; x_wconf 87' lang='lat' dir='ltr'><strong>republica</strong></span> <span class='ocrx_word' id='word_1_197' title='bbox 593 3447 762 3519; x_wconf 82' lang='lat' dir='ltr'><strong>mereare,</strong></span> <span class='ocrx_word' id='word_1_198' title='bbox 786 3425 882 3495; x_wconf 93' lang='lat' dir='ltr'><strong>omni</strong></span> <span class='ocrx_word' id='word_1_199' title='bbox 907 3422 1043 3497; x_wconf 87' lang='lat' dir='ltr'><strong>honore</strong></span> <span class='ocrx_word' id='word_1_200' title='bbox 1060 3436 1101 3495; x_wconf 85' lang='lat' dir='ltr'><strong>ut</strong></span> <span class='ocrx_word' id='word_1_201' title='bbox 1121 3422 1242 3522; x_wconf 78' lang='lat' dir='ltr'><strong>dignis</strong></span> 
     </span>
     <span class='ocr_line' id='line_1_26' title="bbox 253 3547 1241 3650; baseline 0.005 -35"><span class='ocrx_word' id='word_1_202' title='bbox 253 3549 359 3618; x_wconf 89' lang='lat' dir='ltr'><strong>simus</strong></span> <span class='ocrx_word' id='word_1_203' title='bbox 386 3548 547 3621; x_wconf 78' lang='lat' dir='ltr'><strong>inilieere.</strong></span> <span class='ocrx_word' id='word_1_204' title='bbox 573 3547 730 3620; x_wconf 78' lang='lat' dir='ltr'><strong>Vtrums</strong></span> <span class='ocrx_word' id='word_1_205' title='bbox 749 3550 880 3647; x_wconf 83' lang='lat' dir='ltr'><strong>nescis,</strong></span> <span class='ocrx_word' id='word_1_206' title='bbox 905 3575 1010 3650; x_wconf 84' lang='lat' dir='ltr'><strong>quam</strong></span> <span class='ocrx_word' id='word_1_207' title='bbox 1035 3548 1105 3623; x_wconf 83' lang='lat' dir='ltr'><strong>alte</strong></span> <span class='ocrx_word' id='word_1_208' title='bbox 1130 3574 1241 3623; x_wconf 84' lang='lat' dir='ltr'><strong>ascen·</strong></span> 
     </span>
     <span class='ocr_line' id='line_1_27' title="bbox 253 3669 1238 3781; baseline 0.006 -41"><span class='ocrx_word' id='word_1_209' title='bbox 253 3669 365 3742; x_wconf 80' lang='lat' dir='ltr'><strong>derisi</strong></span> <span class='ocrx_word' id='word_1_210' title='bbox 390 3698 433 3743; x_wconf 87' lang='lat' dir='ltr'><strong>an</strong></span> <span class='ocrx_word' id='word_1_211' title='bbox 452 3673 642 3771; x_wconf 76' lang='lat' dir='ltr'><strong>pronihilo</strong></span> <span class='ocrx_word' id='word_1_212' title='bbox 660 3674 696 3746; x_wconf 90' lang='lat' dir='ltr'><strong>id</strong></span> <span class='ocrx_word' id='word_1_213' title='bbox 714 3675 838 3781; x_wconf 74' lang='lat' dir='ltr'><strong>putati</strong></span> <span class='ocrx_word' id='word_1_214' title='bbox 862 3675 903 3751; x_wconf 82' lang='lat' dir='ltr'><strong>Si</strong></span> <span class='ocrx_word' id='word_1_215' title='bbox 917 3678 1047 3777; x_wconf 74' lang='lat' dir='ltr'><strong>nescis,</strong></span> <span class='ocrx_word' id='word_1_216' title='bbox 1063 3676 1129 3749; x_wconf 81' lang='lat' dir='ltr'><strong>tibi</strong></span> <span class='ocrx_word' id='word_1_217' title='bbox 1145 3678 1238 3775; x_wconf 88' lang='lat' dir='ltr'><strong>igno·</strong></span> 
     </span>
     <span class='ocr_line' id='line_1_28' title="bbox 252 3797 1238 3902; baseline 0.004 -37"><span class='ocrx_word' id='word_1_218' title='bbox 252 3820 312 3867; x_wconf 89' lang='lat' dir='ltr'><strong>sco</strong></span> <span class='ocrx_word' id='word_1_219' title='bbox 328 3810 374 3892; x_wconf 81' lang='lat'><strong>¹⁰3</strong></span> <span class='ocrx_word' id='word_1_220' title='bbox 391 3821 454 3868; x_wconf 87' lang='lat' dir='ltr'><strong>nos</strong></span> <span class='ocrx_word' id='word_1_221' title='bbox 480 3799 516 3868; x_wconf 93' lang='lat' dir='ltr'><strong>in</strong></span> <span class='ocrx_word' id='word_1_222' title='bbox 543 3797 644 3898; x_wconf 85' lang='lat' dir='ltr'><strong>culpa</strong></span> <span class='ocrx_word' id='word_1_223' title='bbox 662 3827 795 3874; x_wconf 89' lang='lat' dir='ltr'><strong>sumus:</strong></span> <span class='ocrx_word' id='word_1_224' title='bbox 814 3802 868 3876; x_wconf 91' lang='lat' dir='ltr'><strong>sin</strong></span> <span class='ocrx_word' id='word_1_225' title='bbox 885 3802 1065 3902; x_wconf 82' lang='lat' dir='ltr'><strong>intelligis3</strong></span> <span class='ocrx_word' id='word_1_226' title='bbox 1090 3801 1160 3876; x_wconf 91' lang='lat' dir='ltr'><strong>ulla</strong></span> <span class='ocrx_word' id='word_1_227' title='bbox 1180 3798 1238 3873; x_wconf 87' lang='lat' dir='ltr'><strong>tibi</strong></span> 
     </span>
    </p>
   </div>
   <div class='ocr_carea' id='block_1_2' title="bbox 250 3924 1240 4031">
    <p class='ocr_par' dir='ltr' id='par_1_2' title="bbox 250 3924 1240 4031">
     <span class='ocr_line' id='line_1_29' title="bbox 250 3924 1240 4031; baseline 0.011 -40"><span class='ocrx_word' id='word_1_228' title='bbox 250 3934 304 3993; x_wconf 78' lang='lat' dir='ltr'><strong>est</strong></span> <span class='ocrx_word' id='word_1_229' title='bbox 321 3937 499 4021; x_wconf 61' lang='lat' dir='ltr'><strong>smum,</strong></span> <span class='ocrx_word' id='word_1_230' title='bbox 525 3924 581 3998; x_wconf 79' lang='lat' dir='ltr'><strong>rei</strong></span> <span class='ocrx_word' id='word_1_231' title='bbox 604 3924 738 4025; x_wconf 67' lang='lat' dir='ltr'><strong>oflois,</strong></span> <span class='ocrx_word' id='word_1_232' title='bbox 764 3929 863 4029; x_wconf 68' lang='lat' dir='ltr'><strong>quusi</strong></span> <span class='ocrx_word' id='word_1_233' title='bbox 886 3932 1012 4031; x_wconf 80' lang='lat' dir='ltr'><strong>pauci,</strong></span> <span class='ocrx_word' id='word_1_234' title='bbox 1035 3929 1096 4006; x_wconf 76' lang='lat' dir='ltr'><strong>ral&#39;</strong></span> <span class='ocrx_word' id='word_1_235' title='bbox 1116 3928 1240 4029; x_wconf 53' lang='lat' dir='ltr'><strong>glun,</strong></span> 
     </span>
    </p>
   </div>
   <div class='ocr_carea' id='block_1_3' title="bbox 0 0 1316 4830">
    <p class='ocr_par' dir='ltr' id='par_1_3' title="bbox 0 0 1316 4830">
     <span class='ocr_line' id='line_1_30' title="bbox 0 0 1316 4830; baseline 0 1"><span class='ocrx_word' id='word_1_236' title='bbox 0 0 1316 4830; x_wconf 95' lang='lat' dir='ltr'><strong> </strong></span> 
     </span>
    </p>
   </div>
  </div>
 </body>
</html>
