2624 4830
498 395 534 443 ιιι
558 397 736 447 artarentur
1041 382 1114 476 483

125 510 160 551 ιο
181 489 224 549 Cf.
246 512 313 574 epp.
334 491 509 554 DCCCXlll
529 499 607 556 circa
627 495 676 559 fin.
698 510 727 563 ct
745 498 956 565 DCCCXLIV.
977 505 1116 589 Erpedi-

159 599 289 673 tiesima,
310 604 503 682 paratissima.

124 727 154 764 ιι
168 706 251 766 Bruti
262 707 487 791 consobrinum,
501 732 547 793 ep.
557 711 792 776 DCCLXXVlll
802 716 862 777 init
876 717 993 781 &tite
1004 720 1113 782 autb.

159 814 220 890 duo
240 814 412 890 Servilium
432 817 537 880 Lamb.
558 820 781 884 minervinum.

498 1143 727 1206 nccexuvu.

121 1377 130 1413 ι
156 1340 269 1417 Ernest
289 1358 409 1420 volebat
428 1357 553 1441 subisse,
573 1360 656 1442 quod
675 1360 825 1444 postulant
844 1362 894 1424 illa
911 1363 985 1426 dnm
996 1366 1113 1449 siquid

155 1461 303 1524 acciderit.
325 1467 406 1527 Dum
426 1501 467 1514 -
485 1467 599 1540 absim,
622 1468 785 1529 dummodo
806 1469 909 1532 absim.

116 1569 336 1652 uExquisitius
363 1585 392 1634 et
418 1573 585 1652 efficacius,
611 1597 703 1657 quam
727 1598 806 1660 quae
830 1577 970 1661 quidem,
997 1589 1027 1641 et
1053 1601 1110 1663 pro

152 1679 294 1740 enirrwern
315 1701 360 1741 ea,
383 1682 465 1742 Vidit
484 1683 645 1744 Ernestius.

113 1786 131 1844 3
154 1785 343 1850 credulitate.
362 1788 484 1851 Corrad.
498 1791 568 1852 Mox
578 1813 674 1875 paene
688 1803 857 1874 suspectum
869 1793 1015 1856 Emestio.
1028 1796 1110 1856 Dan·

153 1894 225 1955 dum
247 1900 409 1958 oscitationi
431 1901 595 1981 scriptoris,
616 1902 666 1979 qui
685 1899 860 1960 alterutrum
881 1911 996 1962 tantum
1010 1901 1108 1962 dicere

152 2003 281 2065 volebat:
304 2028 355 2087 ego
376 2028 435 2067 non
455 2008 592 2068 loeritio
606 2006 742 2090 deceptus
763 2028 844 2084 rum,
865 2008 912 2070 vel
931 2029 983 2090 ego
996 2009 1053 2071 boc
1066 2009 1107 2069 vi·

151 2115 190 2173 tio
209 2134 304 2194 paene
324 2113 460 2196 dereptus
480 2136 562 2189 sum,
583 2125 744 2196 utrumque
764 2125 864 2175 tamen
885 2114 966 2176 dixit.
990 2115 1106 2177 Secun-

151 2221 222 2281 dum
243 2221 314 2303 legit
334 2221 382 2283 ed.
403 2223 476 2282 lens.

108 2331 130 2405 4
150 2333 290 2413 Quinque
310 2329 418 2392 Ambb.
440 2330 513 2411 Lep.
533 2351 608 2391 vero.
629 2330 702 2390 Mox
721 2327 798 2411 quid
814 2349 881 2410 ergo
895 2341 954 2404 est,
975 2330 1106 2411 inquies,

150 2441 231 2522 quod
253 2450 282 2500 te
300 2460 396 2522 paene
410 2437 534 2520 decepit.
555 2438 632 2498 Hinc
652 2438 727 2497 infra
747 2438 961 2519 taenearum,
981 2436 1105 2519 scilieet,

149 2559 183 2608 nt
195 2548 363 2630 deciperes,
377 2558 411 2607 ut
425 2545 577 2607 crederem
592 2544 714 2628 Lepido.
737 2545 842 2606 Lamb.
863 2542 939 2626 quid
956 2557 1000 2605 ert
1017 2545 1105 2624 erpo?

149 2658 176 2715 T
179 2677 229 2715 um
245 2656 354 2737 pudor,
374 2667 469 2715 metus
488 2653 677 2736 turpitudinis
698 2664 728 2714 et
747 2652 898 2732 infamiae,
918 2673 978 2733 qua
991 2672 1039 2712 me
1051 2649 1106 2712 ho·

148 2768 240 2823 mines
254 2774 417 2845 notassent,
432 2766 454 2823 si
467 2762 631 2846 Lepidum,
652 2782 722 2822 casu
736 2781 796 2841 quo
810 2759 886 2821 bene
901 2762 1035 2840 sentiret,
1050 2757 1103 2820 de·

147 2873 325 2933 seruissems
333 2871 441 2930 Confer
462 2874 582 2930 omuino
602 2890 648 2951 ep.
669 2867 897 2928 Deccxxvtt.

105 2979 125 3038 5
146 2979 256 3039 Confer
275 2978 355 3039 hunc
374 2979 473 3039 locum
496 3000 564 3038 cum
585 2977 643 3038 alio
663 2975 749 3037 simili
761 2978 792 3036 in
805 2996 851 3057 ep.
865 2971 1102 3055 Dcccxxvu,

146 3108 175 3146 n.
195 3087 244 3162 14:
269 3085 349 3147 Certe
368 3088 428 3146 nisi
446 3109 503 3146 ιιιιο
524 3087 588 3148 loco
603 3107 648 3144 me
662 3099 793 3144 terrerem.
816 3080 982 3162 Vtrubique
995 3079 1103 3142 eodem

146 3214 233 3253 seusu
247 3206 315 3255 sunt
328 3195 497 3277 accipienda
510 3193 560 3253 illa
574 3184 666 3253 rerb't
679 3212 736 3252 uno
751 3191 831 3261 loco,
851 3187 961 3249 scilicet
972 3188 1027 3247 nisi
1040 3206 1101 3247 uno

145 3301 211 3362 loco
225 3323 318 3363 essem
332 3324 400 3363 cum
415 3301 544 3384 Lepido,
564 3303 618 3361 nisi
639 3320 733 3360 essem
748 3296 870 3368 eodem,
891 3315 952 3376 quo
971 3292 1102 3375 Lepidus
1231 3342 1236 3357 -.

143 3422 220 3493 emt,
241 3411 324 3479 locor
343 3410 424 3492 quod
447 3409 525 3469 idem
540 3420 598 3491 est,
619 3428 653 3466 aa
674 3410 697 3467 si
719 3405 852 3465 dixisset:
874 3403 933 3462 Nisi
954 3399 992 3460 ad
1012 3400 1103 3482 Lepi·

142 3518 214 3578 dum
232 3522 431 3601 accessissem,
451 3517 576 3579 verebar
597 3527 651 3577 etc.
673 3513 773 3593 Vulgo
793 3512 821 3570 εἰ
841 3530 898 3570 urm
912 3509 978 3570 loco
991 3527 1102 3587 esserrr,

142 3647 200 3686 non
221 3630 282 3687 sine
303 3626 375 3687 libb.
396 3626 501 3687 Lamb.
522 3626 581 3686 nisi
600 3660 641 3670 —
659 3641 799 3684 essemus.

99 3731 209 3795 6Rec.
230 3734 377 3816 Infirmus.
399 3735 435 3794 V.
457 3756 503 3817 ep.
524 3730 714 3793 DCCCXVll
743 3749 773 3791 2.
802 3726 907 3788 Statim
933 3723 1053 3785 dixisset
1073 3732 1102 3782 el

140 3864 206 3921 urea
226 3845 406 3925 pertinacia,
428 3846 480 3902 nisi
501 3845 559 3902 iam
581 3839 784 3924 praecessisset
803 3833 999 3917 pertinaciter.

100 3973 118 4027 7
141 3952 236 4010 Nostri
259 3951 370 4032 aliquot
390 3953 420 4011 in
440 3963 609 4031 conspeetu:
631 3944 783 4007 Laronia
795 3942 987 4024 adspectura,
1007 3947 1039 3999 at
1058 3940 1099 3997 in-

139 4056 184 4115 fra
205 4057 311 4119 eodem
334 4079 420 4120 seusu
441 4060 501 4118 siue
522 4057 620 4138 aliqua
642 4054 783 4116 varietate
805 4052 836 4111 iu
856 4057 1050 4131 conspectum.
