2624 4830
515 414 686 466 rrrsronn
714 420 807 468 nece.
940 417 972 468 Α.
989 422 1024 470 v.
1041 422 1071 470 c.
1088 434 1135 484 μ.

337 643 392 696 Ser.
411 641 505 696 Rome
525 645 554 695 t.
575 642 607 695 V.
625 642 655 696 C.
674 642 778 712 nect,
796 660 882 698 meare
899 643 1002 700 lartio.

470 841 615 907 ctcEtto
641 843 815 908 LEP1D0¹
840 843 870 908 S.

216 1030 323 1124 Quod
348 1029 448 1129 mihi,
473 1056 540 1130 pro
564 1047 730 1105 summa²
747 1056 827 1129 erga
853 1042 888 1103 te
913 1028 1161 1132 benivolentia,

166 1183 311 1256 magnae
336 1182 439 1231 curre
464 1170 534 1255 est,
559 1172 599 1230 ut
624 1183 730 1258 quam
759 1155 972 1256 amplissima
998 1141 1162 1256 dignitate

164 1285 229 1382 rin,
252 1282 399 1357 moleste
430 1283 512 1383 tuli,
538 1297 574 1357 tn
598 1283 736 1357 senatui
773 1282 900 1381 gratias
929 1307 1003 1355 non
1035 1285 1162 1384 egisse,

165 1434 272 1512 quum
306 1433 399 1483 esses
433 1409 477 1482 ab
509 1433 552 1483 eo
577 1407 702 1484 ordine
719 1409 745 1460 ³·
761 1421 906 1481 ornatus
931 1410 1076 1481 summis
1101 1408 1162 1482 ho·

163 1534 317 1609 notibus.
348 1535 449 1609 Pacis
479 1535 569 1609 inter
595 1534 688 1610 cives
722 1531 963 1608 conciliandae
997 1546 1032 1606 te
1065 1535 1160 1634 cupi·

165 1658 250 1733 dum
280 1687 354 1734 esse
386 1660 506 1734 laetor.
540 1659 664 1734 Eamt
689 1661 718 1734 si
743 1687 764 1734 a
793 1640 963 1734 servitute
996 1661 1163 1760 seiungit,

166 1786 325 1860 consules
352 1801 387 1860 et
412 1788 462 1860 rei
483 1785 651 1886 publicae·
662 1797 698 1858 et
715 1784 876 1884 dignitati
901 1798 991 1858 tuae.
1017 1784 1079 1858 Sin
1095 1785 1158 1860 ista

163 1938 234 2014 pax
258 1913 432 2013 perditum
459 1913 639 1988 hominem
655 1913 692 1985 in
710 1913 970 2012 possessionem
987 1913 1161 2013 impoten-

148 2039 286 2113 tissimi
304 2038 528 2114 dominatur⁵
546 2040 748 2114 restitutura
765 2051 833 2137 ert,
849 2039 919 2113 hoc
937 2040 1057 2113 animo
1070 2040 1157 2113 scito

162 2169 266 2238 erse⁶
291 2191 412 2240 omnes
442 2193 563 2268 aanor,
588 2179 628 2240 nt
652 2180 801 2240 mortem
827 2165 987 2239 servituti
1012 2179 1157 2266 antepo-

161 2306 257 2365 nant
282 2293 404 2394 Itaque
430 2295 635 2393 sapientius,
661 2319 741 2368 meo
767 2292 909 2395 quidem
933 2291 1085 2392 indicio,
1108 2291 1157 2366 fn·

162 2417 233 2489 cies
239 2472 250 2517 7
266 2418 296 2490 si
314 2432 349 2491 te
366 2419 403 2490 in
421 2419 523 2492 istam
542 2420 821 2519 pacificationem
834 2417 1159 2520 noninterptnerr,

161 2568 250 2646 quae
274 2569 388 2646 neque
413 2547 564 2647 senatui,
588 2571 702 2649 neque
727 2545 879 2647 populo,
903 2570 969 2619 nec
993 2520 1156 2650 Sniquam

161 2666 257 2742 bono
282 2671 461 2771 probatur.
488 2673 558 2745 Sed
584 2674 670 2747 haec
689 2673 808 2747 audies
829 2699 872 2746 ex
889 2670 982 2771 aliis,
1008 2686 1069 2747 aut
1086 2698 1157 2747 cer·

161 2795 231 2871 rior
255 2799 315 2870 ties
341 2798 456 2873 litnris.
482 2801 537 2872 Tu
564 2826 629 2900 pro
656 2813 717 2874 tua
734 2801 940 2902 prudentia,
962 2799 1051 2901 quid
1066 2799 1156 2901 opti·

161 2945 257 2993 mum
284 2923 375 2996 sactu
402 2925 464 3022 sit,
490 2923 634 2998 videbis.

582 3295 731 3371 DCCCI.
907 3335 962 3393 (nr
980 3334 1033 3382 nn.
1049 3335 1085 3394 x,
1099 3333 1130 3389 r)

157 3467 376 3546 Argumentum
397 3472 509 3535 Causas
530 3478 669 3559 exponit,
689 3495 743 3534 cur
766 3493 797 3533 se
811 3491 878 3533 sero
893 3469 1039 3531 libertatis
1053 3469 1152 3531 defen·

197 3592 295 3638 sorem
316 3576 510 3658 profitentur:
538 3590 568 3642 et
596 3580 634 3641 dr
663 3581 795 3642 exercitu
821 3587 851 3639 et
877 3578 1050 3664 provineine
1077 3585 1175 3663 staur*

198 3677 354 3759 significat.
