2624 4830
599 423 769 478 semrom
797 428 830 471 v.
1007 423 1035 472 a.
1056 426 1088 472 v.
1109 426 1137 473 c.
1158 434 1204 487 ,ιο

401 652 455 706 Ser.
474 652 571 704 Rornae
589 648 618 705 t.
638 648 671 705 V.
688 652 718 705 C.
739 650 845 715 DCCX,
865 648 952 703 idibus
971 651 1051 720 sprit.

551 846 696 914 ctctuu
722 849 854 914 BRVTO
880 850 909 912 8.

276 1042 376 1117 Datis
400 1062 503 1115 mane
528 1066 558 1114 a.
584 1039 696 1112 <tvl
720 1038 772 1112 lu.
797 1036 907 1138 April
931 1038 1076 1138 Scaptio
1101 1038 1233 1139 literis,

226 1168 356 1245 codam
379 1167 435 1241 die
460 1180 540 1240 tuus
565 1166 687 1266 accepi
704 1163 784 1238 Kal,
801 1163 912 1265 April
928 1164 1151 1265 Dyrrhachio
1170 1166 1229 1241 da-

228 1281 300 1396 tas,
322 1295 470 1396 vesperi.
495 1295 622 1395 ltaque
637 1314 740 1367 mane
755 1291 846 1392 prid.
869 1291 921 1364 ld.
938 1291 1065 1393 April,
1081 1310 1189 1394 quum
1208 1320 1230 1367 a

227 1421 372 1523 Scaptio
404 1421 533 1496 certior
561 1417 672 1493 factus
704 1418 930 1519 essem,'u0n
956 1437 1118 1494 essaeos
1144 1445 1228 1520 prc-

226 1546 355 1646 l'ectos,
380 1545 506 1649 quibus
531 1544 645 1647 pridie
671 1522 852 1644 dederam,
878 1559 914 1618 et
938 1546 1056 1623 statim
1075 1547 1143 1645 ire,
1158 1546 1226 1621 hoc

226 1671 419 1775 paullulum
444 1672 583 1746 exaravi
615 1672 691 1772 ipsa
723 1672 761 1744 in
786 1670 888 1745 turba
916 1672 1108 1744 matutinae
1134 1673 1227 1745 salu-

226 1800 378 1880 tationis
402 1801 457 1874 De
482 1798 605 1878 Cassio
629 1797 760 1898 laetor,
785 1812 822 1870 et
847 1799 896 1872 rei
922 1796 1083 1898 publicae
1110 1813 1228 1898 gratu-

225 1924 297 2001 lort
320 1925 407 1999 mibi
424 1927 547 2025 etiam,
570 1926 649 2031 qui,
663 1939 880 2026 repugnante
898 1939 934 1999 et
950 1925 1121 1998 irascente
1136 1927 1230 1999 Pau·

226 2079 283 2153 sa,
307 2053 517 2130 seutentiam
543 2051 707 2152 dixerim,
732 2066 771 2129 ut
795 2050 1013 2129 Dolabellam
1030 2051 1125 2124 bello
1141 2053 1228 2126 Cus-

225 2180 297 2253 sius
320 2193 595 2280 persequeretur.
621 2181 669 2252 Et
694 2178 836 2280 quidem
862 2177 1029 2252 audacter
1047 2177 1226 2277 dicebam,

225 2305 301 2377 siue
325 2319 449 2379 nostro
476 2305 781 2381 senatusconsulto
808 2307 876 2378 iam
894 2304 981 2377 illud
998 2330 1078 2377 eum
1094 2303 1226 2378 bellum

227 2454 354 2528 gerere.
387 2431 441 2510 De
466 2444 502 2503 te
526 2432 630 2503 etiam
659 2430 730 2503 dixi
755 2445 850 2531 tum,
873 2458 962 2533 quae
988 2430 1136 2504 dicenda
1162 2458 1224 2533 pu·

227 2556 310 2629 tavi.
341 2556 439 2629 Haec
472 2555 518 2629 ad
544 2570 579 2629 te
604 2559 717 2631 aratio
750 2558 958 2658 perferetur,
990 2559 1157 2660 quoniam
1189 2572 1225 2630 te

225 2682 332 2761 video
366 2683 532 2757 delectari
556 2684 765 2786 Philippicis
790 2689 928 2759 uostris.
961 2683 1070 2778 Quod
1096 2711 1152 2757 me
1178 2684 1223 2757 do

223 2809 381 2884 Antonio
414 2810 587 2909 consulis,
618 2812 737 2913 quoad
768 2814 868 2886 Bruti
900 2814 1031 2886 exitum
1063 2814 1224 2911 cognori-

222 2960 324 3036 mus,
357 2937 625 3017 custodiendum
662 2953 760 3040 puto.
797 2941 853 3019 Ex
885 2940 939 3012 his
971 2939 1105 3039 literis,
1135 2964 1222 3040 quas

222 3061 309 3136 mibi
345 3062 490 3164 misisti,
525 3064 707 3143 Dolabella
740 3067 858 3140 Asiam
898 3092 1024 3140 vexare
1061 3065 1223 3161 videtur,

223 3199 260 3261 et
281 3186 320 3260 iu
345 3214 384 3263 ea
411 3214 449 3263 se
474 3214 590 3291 gerere
616 3194 800 3272 teterrime.
826 3192 1076 3294 Compluribus
1101 3205 1219 3264 autem

222 3314 408 3416 scripsisti,
437 3315 655 3393 Dolabellam
688 3346 708 3393 s
742 3317 888 3394 Rhodiis
922 3345 996 3395 esse
1026 3316 1221 3400 exclusumt

222 3439 281 3538 qui
307 3441 337 3512 si
362 3441 408 3513 ad
434 3443 596 3523 Rhodum
623 3448 787 3545 accessit,
820 3445 958 3524 videtur
989 3445 1075 3517 mibi
1099 3445 1219 3522 Asiam

221 3561 409 3664 reliquisse.
434 3568 477 3641 ld
502 3572 529 3643 si
555 3574 603 3644 ita
629 3587 699 3671 est,
724 3575 801 3651 istic
828 3573 891 3646 tibi
918 3600 1043 3647 censeo
1061 3599 1219 3646 commo-

221 3687 386 3764 randum:
417 3695 470 3766 sin
504 3722 582 3768 eam
615 3700 721 3779 semel
754 3702 866 3801 cepit,
899 3701 984 3773 mibi
1011 3697 1161 3796 credes*
1177 3695 1220 3726 ⁴*

221 3834 294 3890 nou
320 3816 394 3891 erit.
419 3819 470 3895 Id.
496 3821 604 3921 April.
