2624 4830
252 408 319 481 150
536 423 705 472 crissoni
733 425 940 474 ccccxxxiii.
1021 408 1151 479 nnn
1169 434 1217 486 ,ιο

247 557 311 630 ego
337 554 408 604 nou
435 525 613 623 videbam,
637 541 771 628 quanto
793 528 906 600 usuil
930 526 982 599 rei
1005 524 1240 627 publicae-es·

246 685 318 732 sem
345 657 496 753 futurus,
526 654 555 726 si
588 653 633 725 ad
664 653 839 752 Lepidum
873 653 1053 726 venissem.
1088 654 1240 726 Omnem

146 779 150 793 ⁴
246 787 337 856 enim
365 783 623 854 cunctationem
654 780 727 851 eius
756 779 1011 878 discussissem,
1036 780 1240 880 praesertim

246 910 404 982 adiutore
421 907 562 979 Planco.
587 904 657 977 Sed
674 905 837 978 scribenti
861 905 907 978 ad
931 932 986 978 me
1013 904 1187 978 eiusmodi
1202 903 1241 976 li-

247 1049 354 1133 teras,
377 1060 462 1134 quas
485 1032 595 1129 leges,
618 1045 684 1103 etr
701 1031 928 1113 concionibus
945 1030 1123 1130 videlicet,
1144 1031 1240 1132 quasi

247 1161 411 1234 Narbone
443 1156 604 1232 habuisse
638 1157 778 1255 dicitur,
812 1157 959 1257 similes,
991 1157 1153 1258 palparer
1180 1182 1240 1230 ne-

248 1314 343 1360 cesse
369 1300 458 1384 erat,
490 1284 517 1357 si
550 1282 675 1356 vellem
710 1299 926 1371 commeatus
946 1300 985 1383 ¹⁰,
1008 1310 1072 1384 per
1098 1284 1241 1384 provin-

249 1414 337 1485 ciam
363 1413 437 1483 eius
462 1412 527 1482 iter
552 1409 694 1506 faciens,
720 1407 856 1481 babere.
883 1411 1065 1483 Praeterea
1087 1408 1241 1505 verebar,

248 1564 310 1634 ne,
334 1542 362 1608 si
388 1550 482 1632 aute,
509 1561 611 1635 quarn
638 1561 703 1631 ego
730 1536 868 1633 incepta
896 1537 1114 1633 perficerem,
1138 1560 1241 1635 proe-

248 1663 334 1735 lium
352 1662 549 1734 consectum
568 1674 674 1758 esset,
691 1661 786 1759 pium
806 1661 990 1734 consilium
1014 1687 1130 1734 meum
1145 1677 1173 1713 ¹¹
1192 1687 1242 1734 ra·

249 1803 372 1890 perent
398 1790 434 1859 in
460 1787 669 1859 contrariam
702 1800 838 1886 partem
871 1787 1123 1860 obtrectatores
1155 1789 1243 1882 mei,

249 1929 395 2016 propter
411 1914 615 2010 amicitiam,
640 1938 729 2013 quae
755 1911 840 1984 milvi
868 1939 948 1986 cum
972 1915 1147 2011 Antonio,
1170 1939 1241 1986 nou

249 2042 361 2114 maior
389 2055 506 2113 tamen
532 2059 636 2140 quam
661 2037 793 2112 Planco
814 2054 854 2137 ¹²,
879 2038 952 2111 fuit.
978 2042 1100 2141 Itaque
1126 2067 1147 2112 a
1173 2040 1241 2111 Ga·

251 2168 353 2241 dibus
384 2190 503 2238 mense
527 2164 637 2264 Aprili
670 2163 762 2242 binis
796 2164 983 2247 tabellariis
1007 2165 1045 2236 in
1069 2165 1157 2238 duas
1181 2189 1242 2237 nn·

250 2318 312 2365 ves
331 2292 502 2390 impositis
518 2292 560 2389 ¹³,
574 2304 609 2362 et
627 2290 690 2361 tibi
707 2305 743 2362 et
760 2291 961 2364 consulibus
987 2306 1023 2364 et
1047 2292 1243 2387 Octaviano

205 2464 206 2468 =
250 2418 391 2517 scripsi,
416 2432 455 2488 ut
471 2441 536 2508 ,me
561 2416 717 2488 laceretis
739 2419 938 2516 certiorem,
963 2442 1117 2518 quonam
1135 2418 1241 2493 modo

250 2543 437 2642 plurimum
464 2567 602 2641 possem
629 2542 794 2640 prodesse
820 2545 869 2615 rei
895 2543 1065 2644 publicae.
1094 2543 1181 2643 Sed,
1205 2557 1242 2615 ut

250 2669 419 2741 rationem
445 2668 543 2765 ineo,
575 2693 644 2767 quo
671 2666 728 2738 die
763 2666 934 2767 proelium
958 2671 1072 2742 Pansa
1099 2669 1242 2743 commi-

250 2795 310 2891 sit,
332 2793 455 2866 eodem
482 2819 502 2864 a
528 2793 686 2865 Gadibus
704 2819 811 2867 naves
830 2793 1005 2894 profectae
1024 2809 1115 2869 sunt.
1141 2795 1242 2870 Nulla

251 2922 343 2993 enim
369 2934 451 3020 post
475 2918 625 2991 hiemem
651 2919 716 2990 fuit
742 2934 823 2992 autc
845 2946 921 2992 eam
940 2920 1032 2992 diem
1058 2923 1242 3020 navigatio.

248 3048 297 3120 Et
321 3047 477 3120 hercules
498 3044 527 3111 ¹4
553 3045 655 3143 longe
681 3059 834 3118 remotus
860 3047 903 3118 ab
930 3047 1026 3119 omni
1045 3049 1243 3148 suspicione

249 3173 354 3246 sutuvi
380 3174 491 3247 civilis
518 3171 703 3269 turnultus,
728 3174 869 3271 penitus
887 3174 922 3244 in
940 3175 1120 3247 Lusitania
1137 3173 1243 3273 legio-

248 3324 310 3372 nes
339 3301 374 3371 in
408 3299 561 3373 bibernis
588 3297 806 3373 collocaram.
838 3299 892 3370 Itu
928 3325 1034 3402 porro
1065 3299 1242 3374 festinavit

247 3437 394 3526 uterque
413 3428 442 3476 ¹⁵
468 3424 670 3525 confligere,
700 3438 877 3524 tamquam
905 3423 991 3496 nibil
1018 3427 1118 3525 peius
1145 3427 1241 3500 time·

239 3563 343 3645 ‘verrt,
369 3578 472 3650 quam
502 3534 560 3622 ne
579 3554 652 3624 sine
684 3551 834 3624 maximo
868 3552 917 3623 rei
950 3550 1112 3652 publicae
1138 3552 1242 3625 detri-

248 3688 366 3745 mento
393 3675 521 3748 bellum
547 3691 817 3778 componeretur
836 3681 874 3747 ¹⁶.
901 3677 988 3776 Sed,
1004 3679 1033 3750 si
1052 3703 1241 3779 properan-

248 3795 332 3868 dum
358 3798 439 3897 fuit,
463 3802 549 3874 nihil
573 3828 645 3875 riou
671 3803 796 3875 summi
814 3801 914 3875 ducis
931 3802 1081 3878 consilio
1098 3805 1241 3902 gessisse

248 3921 398 3996 Hirtium
427 3927 537 4000 video.
570 3929 671 4002 Nunc
697 3929 783 4002 haee
803 3943 829 3992 ¹⁷
858 3929 943 4002 milri
976 3929 1179 4005 scribuntur
1202 3954 1240 4002 ex
