2624 4830
260 399 332 501 370
606 418 773 472 rursrom
798 422 893 471 xxiv.
1031 420 1062 470 n.
1079 422 1114 470 v.
1131 421 1160 469 c.
1177 434 1221 482 ,ιο

258 525 417 604 revocari
440 525 478 597 in
502 524 676 621 integrum
694 534 821 623 potest
846 522 1016 597 Octavius
1040 523 1070 596 is
1095 537 1166 623 est,
1188 526 1244 627 qui

125 633 127 637 ⁷
256 650 414 754 quidde
437 649 540 725 nobis
564 648 778 723 indicaturus
802 648 865 748 sit,
894 663 1073 749 exspectet
1095 649 1245 752 populns

254 775 454 855 Romanus?
477 801 543 850 nos
568 774 606 849 hi
630 800 769 873 sumus,
793 773 837 847 de
864 799 1012 876 qnorum
1029 774 1142 850 salute
1158 802 1245 851 unns

253 901 362 981 homo
387 902 562 1004 rogandus
588 898 766 978 videatur?
791 900 868 998 Ego
895 927 993 1001 vero,
1017 915 1057 975 ut
1080 903 1173 976 istuc
1196 928 1244 977 re-

254 1043 386 1130 vertar,
410 1031 440 1103 is
465 1054 560 1127 sum,
585 1027 645 1129 qui
678 1050 751 1099 non
783 1024 891 1099 modo
923 1051 998 1100 non
1029 1026 1244 1129 supplicem,

253 1156 447 1232 sedetiam
472 1166 651 1230 coerceam
682 1151 917 1252 postulantes,
948 1166 989 1226 ut
1021 1152 1087 1226 sibi
1111 1153 1245 1254 snppli-

252 1294 359 1356 oetnr.
383 1283 456 1357 Aut
485 1278 588 1378 longe
620 1305 640 1353 a
673 1277 904 1354 servientibus
936 1278 1061 1377 abero,
1091 1278 1244 1381 mihique

251 1432 327 1482 esse
357 1406 520 1482 iudicabo
552 1407 720 1502 Romam,
752 1402 962 1506 ubicumque
991 1403 1138 1478 liberum
1170 1431 1244 1479 esse

250 1528 384 1610 licebit:
410 1557 451 1605 ac
476 1533 583 1605 vestri
609 1529 817 1628 miserebor,
833 1530 959 1630 qnibna
977 1556 1042 1604 nec
1059 1544 1170 1631 aetas,
1186 1557 1243 1606 ne-

250 1683 318 1760 que
343 1656 512 1755 honores,
536 1682 650 1759 neque
676 1656 786 1730 virtus
812 1655 923 1731 aliena
949 1655 1171 1732 dulcedinem
1196 1659 1243 1732 vi-

248 1767 353 1893 sendi
379 1785 534 1860 minuere
558 1782 722 1885 potuerit
752 1781 839 1855 Mihi
865 1781 1007 1884 quidam
1040 1783 1088 1856 ita
1120 1781 1242 1857 beatus

247 1935 322 1985 esse
340 1909 501 2008 videbor,
525 1911 554 1984 si
581 1909 688 1986 modo
706 1921 907 1983 constanter
924 1935 965 1982 ac
981 1922 1154 2010 perpetuo
1170 1906 1242 2010 pla·

228 2035 342 2111 cebit
366 2037 436 2114 hoc
469 2034 670 2136 consilium,
701 2048 741 2108 ut
772 2033 917 2110 relatam
942 2047 1063 2134 putem
1096 2034 1240 2133 gratiam

246 2163 368 2263 pietati
394 2188 500 2237 meae.
526 2161 622 2259 Quid
647 2162 740 2235 enim
772 2173 826 2233 est
856 2158 999 2257 meiius,
1030 2184 1136 2261 qnam
1167 2185 1240 2234 me·

244 2292 357 2362 moria
394 2302 489 2362 recte
522 2287 693 2365 sactorum
705 2341 716 2386 ,
748 2299 785 2363 et
816 2284 977 2360 libertate
1013 2300 1241 2385 contentum,

244 2412 417 2512 negligere
453 2411 633 2491 humana?
663 2390 740 2485 ‘sed
773 2423 868 2486 certe
903 2435 976 2484 non
1015 2411 1240 2485 succumbam

243 2538 568 2638 succumbentibus,
600 2565 665 2611 nec
692 2539 811 2611 vincar
836 2537 880 2613 ab
906 2539 965 2635 iis,
999 2539 1058 2645 qui
1084 2565 1121 2611 se
1146 2539 1239 2612 vinci

244 2663 382 2742 volunt:
408 2666 633 2764 experiarque
660 2678 696 2737 et
720 2663 866 2738 tentabo
886 2665 1018 2763 omnia,
1043 2690 1156 2767 neque
1183 2664 1239 2738 de·

243 2791 363 2864 sistam
389 2789 588 2863 abstrahere
607 2816 626 2862 a
644 2791 786 2864 servitio
815 2792 991 2864 civitatem
1015 2806 1182 2865 nostram.
1202 2790 1237 2864 Si

242 2930 375 3017 secuta,
393 2917 513 3015 fuerit,
547 2942 636 3017 quae
669 2915 791 3015 debet,
823 2916 979 3015 fortuna,
1011 2916 1237 3016 gaudebimus

241 3019 384 3115 amnesi
405 3046 458 3115 sin
484 3044 616 3141 minus,
646 3067 710 3142 ego
743 3056 862 3115 tamen
894 3039 1064 3142 gaudebo.
1099 3041 1235 3137 Quibus

241 3168 334 3240 enim
366 3171 485 3268 potius
518 3168 604 3242 haec
636 3171 708 3242 vita
741 3169 840 3242 factis
873 3182 934 3241 aut
966 3168 1235 3267 cogitationibus

240 3294 460 3394 traducatur,
487 3322 593 3396 quam
618 3297 676 3394 iis,
708 3322 797 3396 qnae
824 3297 1054 3396 pertinuerint
1079 3295 1125 3367 ad
1149 3293 1234 3365 libe·

238 3419 368 3494 randos
393 3423 487 3495 cives
512 3421 631 3495 meos?
655 3422 727 3521 Te,
750 3424 891 3521 Cicero,
916 3447 1000 3520 rogo
1027 3435 1132 3522 atque
1149 3419 1231 3493 hor-

238 3560 312 3645 tor,
336 3540 382 3621 ne
407 3549 609 3648 defetigere,
632 3576 700 3623 neu
728 3550 881 3624 diffidas:
908 3575 1045 3649 semper
1069 3551 1107 3621 in
1130 3573 1230 3647 prae-

237 3673 393 3747 sentibus
421 3675 520 3747 malis
553 3675 800 3774 prohibendis,
830 3673 944 3748 futura
978 3700 1141 3774 quoque,
1164 3673 1230 3744 nisi

237 3812 318 3872 ante
336 3801 380 3873 sit
398 3826 597 3898 occursum,
618 3803 791 3902 explores,
809 3828 852 3874 ne
872 3829 909 3874 sc
935 3802 1120 3873 insinuent
1147 3800 1230 3871 For·

238 3937 307 3999 tem
334 3940 371 3997 et
395 3926 541 3999 liberum
568 3931 737 4026 arrinrunr,
763 3956 833 4028 qno
860 3944 895 4000 ot
921 3928 1063 4023 consul,
1089 3939 1125 3999 et
1143 3951 1234 3998 nnnc
