2624 4830
520 435 567 483 tn
594 438 702 483 niven
722 438 762 484 os
896 496 898 500 Α
1067 421 1116 524 67
1126 450 1137 495 t

160 538 197 608 αξ
234 535 346 591 Ameria
365 534 479 611 quidem
498 536 539 591 tui
948 541 1122 601 DCXXXVI

160 621 198 681 25
236 622 323 696 Quod
341 620 487 700 epistolam
505 623 673 679 conscissam
950 629 1126 688 DCXXXIX

162 713 200 770 26
237 714 333 784 Quum
353 710 495 767 decimum
515 712 568 768 iam
589 709 663 768 diem
1058 717 1126 774 XCI

162 814 198 878 27
235 800 323 856 Miror
341 819 392 857 cur
409 819 454 856 me
474 818 587 871 accuses
968 804 1125 866 CDLXVII

161 887 198 945 πθ
238 886 357 947 CVRIO
376 916 414 935 ·-
432 887 561 954 Memini,
581 907 667 963 quum
686 887 757 944 mihi
965 891 1124 950 CDLXXII

160 993 197 1051 ²9
235 975 373 1034 CVRIVS
394 975 575 1033 CICERONI
593 1007 630 1022 --
650 975 784 1035 sinales.
804 976 832 1034 b.
851 997 876 1036 e.
949 979 1123 1038 DCXLVIII
1167 1041 1176 1049 ,

158 1061 196 1122 30
235 1064 355 1123 CVRIO
374 1096 413 1109 -·
430 1065 489 1141 Ego
509 1083 575 1122 vero
593 1065 650 1120 iam
668 1077 696 1121 te
829 1102 831 1107 »
1004 1067 1123 1125 DCLIII

159 1148 193 1209 31
233 1150 327 1209 Facile
346 1152 475 1229 perspexi
494 1171 529 1208 ex
548 1152 603 1209 tuis
621 1152 660 1208 lit.
992 1155 1124 1214 DCLVII

159 1236 195 1296 32
233 1239 493 1300 VOLVMN10-
513 1240 599 1312 Quod
617 1241 677 1298 aine
696 1241 878 1319 praenomine
975 1244 1121 1301 CCXXIII

158 1324 196 1389 33
234 1329 319 1401 Quod
338 1327 587 1427 declamau'onibus
979 1331 1124 1391 CDLXXI

550 1478 632 1563 unia
651 1505 725 1565 v1u.

181 1699 192 1736 t
232 1680 269 1738 tt.
290 1681 449 1740 CAELIVS
470 1682 653 1740 CICERONI
670 1684 805 1756 *Quod
825 1683 877 1742 tibi
897 1683 997 1745 deced.
1018 1685 1126 1743 CXCII

177 1786 194 1828 2
234 1768 331 1837 Certe,
350 1771 479 1845 inquam,
499 1770 642 1828 absolutus
661 1772 716 1830 eat'
1044 1772 1122 1830 CCII

177 1855 196 1915 3
233 1857 338 1914 Estne?
356 1857 430 1915 vici?
449 1870 476 1914 et
494 1858 545 1914 tibi
566 1879 649 1936 saepe
1031 1860 1123 1917 CCIII
1153 1918 1157 1924 ,

177 1944 195 2018 ξ
232 1946 349 2003 Invideo
368 1946 432 2003 tibi:
452 1959 508 2002 tam
528 1947 613 2003 muita
1032 1947 1123 2007 CCVI

176 2034 196 2093 5
234 2036 298 2106 Qua
317 2047 347 2091 tu
366 2055 433 2092 cura
452 2037 505 2102 sis,
524 2035 601 2111 quod
1043 2034 1122 2092 CCX

175 2122 195 2182 6
232 2123 294 2179 Νοη
314 2122 426 2190 dubito,
445 2123 512 2199 quin
530 2122 668 2201 perlatum
991 2122 1122 2180 CCXLII

175 2231 193 2290 7
233 2213 325 2282 Quam
351 2211 405 2268 cito
425 2223 455 2266 tu
473 2212 554 2268 istinc
574 2210 709 2268 decedere
978 2210 1122 2267 CCXLIII

176 2301 194 2358 8
232 2301 290 2356 Etsi
311 2301 346 2357 de
365 2319 394 2355 re
413 2299 528 2377 publiea
547 2320 619 2376 quae
637 2299 688 2357 tibi
709 2300 829 2357 scribam
975 2298 1122 2356 CCXXIII

176 2408 195 2468 9
233 2389 280 2446 Sic
300 2402 343 2457 tu,
363 2389 471 2465 inquis,
489 2389 603 2444 Hirrum
623 2389 743 2445 tractasti
1031 2387 1123 2443 CCXI

162 2495 194 2534 to
234 2477 307 2535 Sane
326 2497 411 2553 quam
431 2477 518 2534 literis
538 2477 570 2534 C.
591 2477 681 2536 Cassii
991 2472 1123 2531 CCXXV

162 2585 191 2622 tt
232 2565 295 2622 Non
316 2565 379 2633 diu,
398 2564 450 2621 sed
468 2565 568 2622 acriter
967 2560 1124 2620 CCLXVII

161 2672 193 2712 ta
231 2653 323 2710 Pudet
341 2672 385 2710 nte
405 2653 456 2709 tibi
475 2653 600 2710 confiteri
950 2647 1122 2707 CCLXXIX

162 2739 195 2801 ιδ
234 2741 366 2799 Gratulor
383 2741 436 2798 tibi
455 2741 586 2799 affinitate
964 2736 1123 2796 CCLXXII

161 2834 194 2903 ¹4
233 2832 316 2888 Tanti
335 2851 392 2887 non
411 2830 464 2887 tuit
481 2831 603 2888 Arsacen
623 2849 722 2909 capere
965 2823 1123 2887 CCLXXI(

160 2918 193 2976 15
231 2917 384 2995 Ecquando
403 2931 434 2975 tu
452 2919 596 2978 hominem
615 2920 701 2998 inept.
936 2911 1122 2974 CCCXXXV

162 3007 195 3066 ιδ
230 3007 411 3063 Examinatus
430 3026 492 3064 aum
511 3009 566 3065 tuis
584 3008 672 3067 literis
939 2999 1123 3063 CCCLXVII

162 3112 193 3170 ¹7
232 3093 305 3169 Ergo
324 3113 369 3150 me
387 3095 482 3171 potine
500 3096 531 3152 in
549 3096 629 3173 IIiep.
872 3086 1132 3150 CCCLXXXVIII.

566 3268 715 3327 LuaaIX.

179 3465 189 3501 t
230 3445 268 3500 tt.
288 3443 462 3502 VARRONI
480 3478 517 3490 -
536 3447 579 3503 Ex
597 3446 633 3504 iia
650 3445 738 3504 literis
976 3437 1123 3497 CDXXXI

176 3554 192 3592 α
231 3533 366 3591 Caninius
387 3533 460 3590 idem
481 3547 546 3592 tuus
1020 3522 1123 3583 cvxl,

174 3621 193 3680 3
230 3621 303 3689 Etsi,
323 3621 391 3697 quid
411 3623 564 3680 scriberem
948 3611 1124 3675 CDXXXIX

178 3716 195 3783 4
236 3709 302 3785 Περὶ
320 3704 439 3764 δυνατῶν
458 3732 504 3769 me
522 3712 592 3770 scito
980 3698 1127 3761 CDXLIII

176 3800 194 3859 5
231 3801 303 3859 Mihi
324 3823 389 3859 vero
408 3801 444 3858 ad
463 3802 556 3859 Nonas
952 3785 1126 3849 CDXLVIII

176 3890 195 3946 6
233 3891 369 3950 Caninius
388 3903 482 3948 noster
500 3910 547 3947 me
565 3889 620 3947 tnia
716 3948 720 3955 ,
980 3874 1124 3937 CDXLVI

123 3990 129 3999 ’
175 3998 192 4053 7
234 3978 378 4037 Cenabatn
398 3980 474 4059 apud
493 3979 590 4040 seium
677 3998 680 4006 ¹
967 3962 1124 4026 CDXLVII
