2624 4830
261 403 334 476 612
524 458 526 463 .
681 417 790 466 innox
815 418 837 465 t.

279 526 484 600 Γιωμπμιῶς,
506 523 605 575 ratione
621 532 671 573 tam
688 531 772 583 certa,
795 536 871 589 quam
891 535 947 588 qua
961 531 1115 588 geom
1142 533 1261 573 arwam.

329 608 464 672 cuxttx,
476 606 492 673 4
503 606 572 668 (an.
584 602 642 669 XII,
656 602 698 664 5).
717 601 904 673 Γιυμιτρικῶς
916 599 1016 652 dicitnr
1029 601 1139 654 Atticae
1158 601 1262 655 Cicero·

329 708 389 744 nem
407 689 527 757 restitisse
544 689 571 738 iu
588 702 635 750 eo,
659 683 730 754 quod
747 682 837 736 Cicero
861 682 1020 752 scripserat,
1039 683 1197 751 Fannium,
1215 685 1260 755 qni

330 771 463 824 historiam
481 769 599 840 scripsit,
616 767 695 818 Laelii
714 782 837 833 generum
855 763 942 817 suine.

282 859 335 914 Γῆν
353 847 405 928 arpi
422 857 471 922 γῆς
488 852 598 921 cogitare
615 849 725 915 dicitur,
744 850 787 919 qui
799 847 880 899 sonan
892 859 1003 910 verto-e,
1023 861 1051 899 et
1066 867 1101 900 et
1119 848 1178 900 alia
1190 861 1260 900 ton

331 939 360 988 in
377 937 470 999 alian,
488 943 515 986 et
532 932 638 1004 quidem
655 948 758 1003 semper
775 931 917 1001 proximam
936 946 1084 1001 quamque,
1104 929 1200 998 fogere
1216 947 1260 982 co·

331 1020 402 1086 gitnt.
416 1016 448 1068 V.
463 1016 561 1066 Manat.
578 1014 610 1066 ad
628 1013 654 1065 h.
673 1013 705 1079 L,
723 1015 768 1083 qui
780 1029 812 1064 ex
824 1011 949 1079 Aeschylo
960 1011 1125 1064 neema·
1136 1010 1258 1064 decanta

330 1106 413 1168 putat.
433 1096 519 1149 DCXC
536 1097 605 1159 (Ltt.
624 1095 693 1162 XIV,
715 1101 771 1158 ιο).
790 1093 856 1144 Ern.

282 1177 381 1233 Γλαῦκ’
395 1179 432 1239 εἰς
455 1177 581 1246 Ἀθήνας,
603 1191 720 1230 mearam
743 1176 856 1227 Athenas
879 1180 933 1238 (ac.
955 1182 1054 1244 poeto,
1076 1175 1123 1227 vel
1149 1175 1255 1240 mitto).

332 1262 447 1328 DXXIV,
466 1260 610 1313 CDIIXXIX
628 1268 656 1312 et
672 1259 786 1325 CXLIV,
804 1257 821 1325 4
837 1257 886 1324 (ad
903 1257 961 1309 un.
976 1257 1029 1324 VI,
1049 1259 1077 1321 3,
1096 1257 1152 1324 IX,
1172 1260 1202 1324 3,
1220 1257 1254 1328 Q.

334 1343 366 1394 Ir.
385 1343 423 1410 II,
445 1343 501 1406 16).
519 1342 689 1394 Proverbium
707 1341 740 1394 de
757 1341 803 1407 iia,
821 1341 866 1410 qui
882 1339 1014 1410 superflua
1031 1338 1168 1407 afferunt,
1194 1342 1254 1411 quia

330 1423 438 1475 Athenio
455 1441 507 1475 nou
525 1425 607 1475 nolum
624 1441 716 1491 magna
733 1431 884 1474 noctuarum
901 1423 977 1491 copia
995 1429 1068 1488 erat,
1091 1421 1141 1473 aed
1161 1423 1189 1474 in
1206 1439 1253 1473 nn·

331 1505 379 1556 mir
397 1521 501 1575 quoquc
518 1513 628 1557 noctuae
645 1505 754 1577 insculpi
771 1504 896 1557 colebant.

282 1581 441 1656 Γλισχρῶς,
456 1604 546 1656 parce,
565 1588 679 1637 ternatim.
700 1585 886 1651 DCCXLVIII,
905 1585 920 1635 5
938 1584 1009 1648 (Ata.
1027 1583 1108 1650 XVI,
1132 1593 1175 1648 ι).

282 1663 485 1739 Γλυκύπικρον,
503 1667 576 1720 dulce
594 1680 617 1718 et
633 1686 755 1720 amarum.
774 1669 849 1736 CCL,
869 1670 883 1719 3
900 1669 972 1729 (Ata
991 1666 1027 1732 V,
1045 1683 1076 1718 ar
1088 1674 1110 1728 ).

280 1748 385 1818 Γνῶθι,
407 1753 462 1811 πῶς
480 1748 554 1820 ἄλλῳ
579 1750 734 1824 κέχρηται,
757 1769 846 1814 nosce,
869 1747 1085 1820 quemadmodum
1111 1749 1169 1802 aiio
1192 1768 1252 1802 nsua

319 1833 415 1898 stanit.
435 1833 546 1903 Explora
563 1833 651 1902 prius,
669 1851 746 1903 quam
765 1850 823 1884 cum
841 1833 927 1901 aliquo
944 1831 1086 1882 amicitiam
1106 1831 1205 1899 samaa,
1222 1833 1251 1883 ii·

331 1912 443 1984 demque
460 1914 570 1981 habear,
588 1915 719 1985 quomodo
737 1933 764 1967 ae
782 1931 841 1983 erga
859 1915 921 1965 alios
939 1912 1037 1964 amicos
1055 1915 1185 1979 gement,
1203 1929 1252 1984 qua

332 1994 384 2046 fide
399 1997 425 2046 io
448 1997 511 2048 aiios
529 1996 622 2064 suerit,
640 2016 671 2049 ex
690 1997 850 2066 Epicharmo.
869 1995 986 2061 CXLVI,
1003 2012 1021 2063 9
1041 1995 1090 2065 (Q.
1102 1995 1136 2048 ir.
1149 1995 1201 2063 ΙΙΙ,
1216 2003 1250 2058 ι)

331 2078 398 2129 Ern.

281 2157 371 2208 Γνῶθι
390 2151 518 2226 amrin,
535 2176 609 2212 nosce
626 2171 649 2210 te
666 2160 756 2230 ipsam.
776 2160 864 2225 CLIV,
883 2178 897 2228 7
917 2159 968 2230 (Q.
986 2158 1018 2210 Ir.
1038 2159 1093 2225 ΙΙΙ,
1111 2161 1161 2224 6).
1215 2206 1219 2212 .

281 2237 413 2307 Γοῆτιια,
434 2243 604 2311 praestigiae,
629 2242 768 2294 malitiosae
796 2241 941 2294 blanditiae.
969 2240 1106 2308 cchlv,
1134 2244 1151 2295 3
1176 2245 1249 2308 (ΙΙΙ.

329 2320 375 2388 lx,
398 2324 454 2384 13).

282 2399 348 2452 Γὸνυ
372 2401 490 2473 κνήμης,
510 2422 576 2473 genn
598 2405 678 2471 tibia,
700 2421 735 2456 rc.
758 2405 865 2474 propina
889 2411 936 2456 ert.
963 2405 1092 2458 DCXCVI
1115 2407 1172 2469 (ad
1195 2408 1249 2459 mv.

331 2483 406 2548 XVI,
424 2487 482 2546 23).

281 2567 390 2635 I'opyeia
408 2566 513 2635 γυμνὰ,
532 2569 614 2618 larvae
632 2567 724 2617 nudae.
743 2567 853 2632 CXLIX,
872 2568 889 2617 6
906 2569 977 2634 (Ati.
998 2568 1044 2634 IV,
1070 2572 1130 2632 ιδ).
1153 2572 1192 2622 De
1210 2590 1248 2622 ac·

329 2649 489 2698 cusatoribus
502 2649 617 2712 Gabinii,
636 2650 680 2717 qui
692 2651 822 2700 absoIntus
834 2658 902 2713 erat,
920 2650 990 2718 quod
997 2686 1006 2713 ,
1024 2653 1249 2720 quemadmodum

329 2727 413 2776 nudae
432 2737 458 2777 et
476 2731 563 2780 inanes
582 2732 666 2781 Iarvac
685 2739 783 2781 terrent
795 2732 853 2781 illae
866 2730 982 2800 quidem,
1003 2731 1049 2783 sed
1068 2735 1125 2785 veri
1145 2736 1249 2805 quidem

328 2806 420 2857 afferre
443 2811 505 2859 nihil
531 2820 654 2880 possunt,
673 2815 708 2864 ita
727 2813 866 2864 Gabiiiium
891 2821 1057 2867 accusatores
1084 2825 1249 2882 terruerant,

328 2888 391 2938 nihil
410 2890 433 2940 ei
452 2903 602 2944 nocuerant.
621 2897 689 2947 Ern.
1081 2920 1102 2953 ς

280 2966 472 3040 superatarum,
490 2987 549 3043 apta
564 2980 707 3044 gymnasio.
727 2977 767 3045 II,
787 2980 801 3028 5
820 2987 845 3030 et
864 2978 895 3043 V,
914 2995 928 3027 u
948 2978 1022 3038 (Ati.
1043 2977 1110 3046 1,·o
1128 2990 1157 3033 et
1175 2990 1219 3050 9).

751 3202 776 3261 Δ

279 3373 435 3451 Δεδῆχὲαι,
453 3401 562 3433 morsum
581 3400 640 3432 esse.
661 3382 751 3434 DCXII
772 3385 841 3445 (ttt.
861 3383 936 3450 XIII,
956 3392 1018 3449 ao).

277 3458 365 3521 Aetate
383 3463 469 3535 ἀνὴρ,
487 3465 563 3534 τάχα
582 3481 625 3515 κεν
645 3463 688 3515 nai
707 3465 826 3518 ἀναίτιον
845 3460 992 3534 cirrium,
1010 3468 1149 3524 vehemens
1167 3476 1217 3539 vir,
1234 3486 1256 3524 et

325 3547 372 3611 (μα’
389 3547 428 3594 oei
444 3548 567 3596 insontem
579 3565 698 3598 accrasare
710 3548 810 3600 audeat.
830 3547 973 3615 DCXVHI,
988 3552 1003 3600 3
1016 3553 1089 3613 (Ait.
1104 3555 1183 3624 XIII,
1197 3558 1254 3620 25).

325 3623 361 3672 Ex
381 3625 484 3677 Homer.
504 3628 575 3677 Iliad.
595 3629 640 3693 XI,
659 3646 683 3680 v.
702 3631 759 3680 653.

276 3701 394 3771 Δι’ρῤεις,
409 3708 500 3775 peltes,
519 3709 659 3761 involucro.
679 3710 775 3778 CLVI,
798 3729 805 3762 r
828 3713 897 3772 (tn.
918 3712 964 3777 IV,
988 3722 1049 3783 ¹7)-

275 3783 400 3857 Attirtpot
419 3785 570 3858 φροντίδες,
590 3795 743 3859 posteriores
764 3795 936 3863 cogitationen.
963 3795 1088 3867 CXLVI,
1115 3805 1151 3868 85
1176 3804 1256 3858 CLIV

207 3913 208 3917 ,
324 3868 377 3937 (Q.
395 3869 425 3920 Ir.
444 3870 496 3937 ΙΙΙ,
519 3891 527 3923 ι
549 3881 576 3924 et
592 3876 635 3937 6).
655 3875 693 3926 Ex
711 3875 839 3945 Euripidis
858 3877 1018 3946 Hippolyto,
1038 3881 1103 3949 436.

276 3949 374 4017 Δῆμοι,
388 3952 494 4021 pupuli,
513 3955 583 4024 Ioco,
600 3958 670 4026 pagi.
690 3958 821 4025 CCXCIV,
841 3978 853 4028 7
873 3962 943 4021 (ΑΙΙ.
964 3960 1030 4027 VII,
1052 3966 1098 4030 3).
