2624 4830
234 394 304 471 286
592 410 759 460 aersroaa
787 415 851 459 vu.
1012 417 1042 461 n.
1061 417 1094 463 v.
1111 417 1141 463 c.
1160 429 1209 479 ⁷¹⁰

230 520 341 622 periet
366 514 514 611 nullam,
538 539 642 614 quam
669 513 1003 613 contemplationem
1033 530 1139 618 atque
1157 519 1233 593 imi·

140 674 144 679 ·
230 642 484 722 tationem-tui.
511 640 601 716 XIII
627 637 704 713 Kal.
734 640 854 713 Maias.

676 1019 773 1092 v111.
965 1065 1020 1123 „d
1035 1064 1143 1126 w„
1160 1069 1206 1124 Η)

227 1207 447 1287 Argumentum.
468 1200 587 1287 Veteris
607 1198 725 1258 Antistii
750 1201 885 1257 altimum
915 1201 945 1259 iu
973 1221 1037 1261 rem
1059 1201 1144 1284 pubi.
1164 1203 1229 1265 isu-

267 1313 333 1388 dat3
353 1322 383 1371 et
403 1311 497 1392 ipsius
517 1307 693 1388 petitionem
715 1315 877 1386 praeturae
896 1316 930 1367 ut
951 1307 1088 1382 adiuvet,
1108 1313 1227 1375 ceteris-

267 1440 326 1501 que
347 1421 378 1477 iu
399 1415 488 1477 rebus
509 1433 578 1474 eum
600 1411 836 1494 complectatur,
857 1425 953 1495 rogat.

398 1649 451 1702 Ser.
471 1648 497 1701 iu
516 1646 573 1701 Asia
592 1650 621 1698 Α.
641 1643 673 1697 V.
692 1644 720 1696 C.
740 1644 844 1714 DCCX,
863 1664 949 1702 meme
967 1650 1057 1720 Aprili.

513 1846 666 1913 BRVTVS
691 1844 878 1911 CICERONI
904 1848 934 1911 S.

272 2042 411 2118 Veteris
436 2037 579 2114 Antistii
606 2034 683 2111 talis
709 2034 844 2110 animus
870 2050 924 2110 cst
948 2037 983 2109 in
1011 2064 1082 2111 rem
1110 2040 1221 2140 publi·

222 2198 320 2269 cam,
345 2181 385 2241 ut
409 2191 481 2240 non
500 2164 671 2259 dubitem,
698 2163 782 2262 quin
810 2175 846 2234 ct
870 2164 906 2235 in
932 2163 1080 2238 Caesare
1099 2180 1135 2239 ct
1151 2170 1220 2240 An·

222 2281 321 2403 tonio
346 2320 383 2368 se
409 2304 646 2394 praestaturus
672 2288 775 2362 fuerit
795 2290 1001 2363 acerrimum
1020 2317 1219 2393 propugna-

221 2438 333 2518 torem
359 2416 555 2493 communis
580 2414 763 2513 libertatis,
790 2415 817 2488 si
845 2417 1021 2489 occasIoui
1045 2420 1219 2519 potuisset

220 2572 412 2625 occurrero.
438 2544 544 2642 Nam,
568 2543 628 2643 qui
645 2542 682 2613 in
698 2540 829 2615 Achaia
857 2569 1076 2644 congressus,
1093 2548 1132 2619 P.
1149 2549 1218 2620 Do-

218 2675 344 2750 labella
361 2671 488 2745 milites
506 2682 609 2771 atque
626 2669 760 2769 equites
779 2669 940 2769 habente,
956 2671 1107 2773 quodvis
1119 2674 1216 2748 adire

218 2799 428 2904 periculum,
453 2824 496 2871 ex
520 2795 653 2869 insidiis
678 2797 886 2896 paratissimi
905 2799 951 2872 ad
976 2801 1094 2873 omma
1111 2800 1215 2876 latro·

217 2930 286 3029 nis,
310 2925 486 3022 maluerit,
511 2949 615 3025 quam
643 2922 753 2996 videri
779 2938 839 2999 aut
859 2940 1001 2999 coactus
1018 2953 1094 3000 esse
1112 2954 1215 3028 pecu·

217 3056 312 3129 niam
336 3053 435 3149 dare,
453 3065 513 3123 aut
530 3048 679 3122 libenter
695 3049 832 3123 dedisse
850 3050 982 3124 bomini
999 3055 1213 3154 nequissimo

216 3196 320 3285 atque
337 3177 610 3279 improbissimo:
628 3177 657 3248 is
674 3175 775 3250 nobis
793 3176 884 3251 ultro
902 3192 938 3252 et
955 3178 1132 3279 pollicitus
1149 3197 1213 3281 est,

215 3323 253 3383 et
276 3306 376 3382 dedit
399 3304 475 3380 H-S
498 3331 542 3377 xx
564 3329 607 3375 ex
623 3330 684 3376 sua
711 3305 876 3405 pecunia:
902 3319 953 3403 et,
978 3305 1075 3408 quod
1100 3307 1211 3383 multo

215 3436 327 3509 carius
344 3446 413 3531 est,
438 3435 588 3533 seipsum
608 3430 736 3505 obtulit
754 3445 789 3503 et
807 3433 994 3505 coniunxit.
1020 3434 1112 3507 Huic
1130 3461 1211 3536 per-

214 3559 359 3633 suadere
376 3560 573 3658 coepimus,
597 3571 637 3629 ut
654 3559 844 3659 imperator
860 3560 896 3631 iu
914 3561 1035 3634 castris
1052 3588 1209 3637 remanc-

213 3698 282 3782 ret,
304 3709 445 3784 remque
462 3682 637 3781 publicam
664 3684 872 3757 defenderet.
898 3685 1027 3758 Statuit
1053 3688 1206 3761 curidum

212 3808 295 3907 sibi,
310 3811 472 3911 quoniam
492 3811 680 3882 exercitum
700 3810 893 3883 dimisisset.
912 3812 1035 3884 Statim
1057 3840 1138 3886 vcro
1157 3843 1207 3888 re-

213 3936 364 4013 diturum
391 3935 436 4008 ad
461 3962 526 4009 uos
552 3939 787 4033 confirmavit,
819 3936 992 4038 legatione
1027 3955 1207 4041 suscepta,
