2624 4830
240 438 312 538 294
610 454 778 504 crisi-oca
804 457 834 503 x.
1013 452 1044 500 Α.
1060 452 1092 502 v.
1112 453 1139 500 c
1159 463 1205 513 μ.

238 560 318 635 litas
335 558 487 633 civitatis
503 555 591 631 forte
608 556 826 630 converterit
853 554 1002 628 Maiores
1020 566 1137 627 autem
1153 578 1230 655 par·

238 699 292 761 tes
324 685 430 760 animi
455 698 489 757 te
515 684 740 785 Cassiumque
766 682 962 782 respiciunt.
989 678 1228 774 Quamobrem

237 812 286 886 ita
312 825 346 885 te
370 836 475 913 para,
497 810 622 909 Brute,
645 822 685 881 ut
707 806 894 907 intelligas,
919 820 995 906 aut,
1012 805 1040 880 si
1057 805 1128 896 hoc
1145 819 1230 879 tem·

237 961 325 1039 pore
349 935 439 1010 bene
464 962 518 1010 res
543 950 638 1035 gesta
663 935 725 1033 sit,
751 932 1008 1008 tibimeliorem
1026 957 1100 1005 rem
1117 931 1229 1033 publi·

238 1089 317 1140 cam
348 1088 423 1138 esse
454 1061 665 1136 faciendam:
697 1073 775 1160 aut,
806 1062 835 1134 si
860 1058 945 1162 quid
972 1059 1143 1135 ollensum
1167 1061 1228 1157 sit,

238 1213 303 1291 per
328 1203 362 1263 te
386 1215 461 1264 csse
485 1187 633 1263 eandem
658 1186 940 1288 recuperandam.

510 1536 529 1583 ο
706 1562 770 1637 XI·
978 1604 1033 1664 (ra
1049 1603 1113 1650 siat.
1131 1603 1154 1664 ι,
1170 1606 1203 1660 a>

236 1742 456 1827 Argentanum
479 1740 678 1802 Octavianum
694 1741 809 1812 laudat,
825 1751 855 1801 et
869 1740 1009 1802 laetitiam
1026 1741 1140 1801 Romae
1154 1762 1170 1802 e
1185 1743 1224 1801 vi·

277 1849 372 1910 ctoria
392 1848 548 1910 consulum
569 1858 600 1908 et
619 1849 656 1907 D.
677 1847 760 1907 Bruti
782 1857 879 1908 ortam
900 1858 1130 1908 commemorat:
1151 1845 1225 1908 libe·

260 1948 424 2017 ralitatem
451 1957 517 2015 eius
543 1955 572 2014 in
598 1953 748 2014 seditionis
775 1951 948 2015 auctoribus
968 1951 1145 2036 reprehendi
1167 1952 1225 2012 Ro·

277 2082 361 2135 mae,
380 2072 410 2123 et
430 2050 732 2123 omnesdntouianos
753 2058 852 2122 hostes
872 2058 1017 2120 iudicatos
1037 2079 1100 2122 csse
1116 2056 1224 2120 scribit

402 2293 457 2348 Ser.
476 2293 569 2348 Romae
588 2293 619 2346 Δ.
638 2293 671 2347 V.
688 2293 718 2348 C.
736 2293 843 2361 DCCX,
861 2292 883 2346 X
901 2291 960 2347 nat
978 2291 1065 2346 noas
1162 2320 1167 2330 ·

458 2488 501 2556 Μ.
526 2489 563 2556 Τ.
586 2488 730 2556 CICERO
754 2489 797 2555 Μ.
821 2489 953 2556 BRVTO
977 2489 1008 2555 S.

283 2695 432 2770 Nostrae
463 2721 518 2770 res
550 2694 692 2770 meliore
723 2693 803 2770 loco
836 2695 1052 2770 videbantur.
1088 2695 1224 2798 Scripta

234 2821 328 2895 enim
352 2821 397 2894 ad
422 2834 457 2896 te
482 2837 578 2897 certo
603 2823 692 2920 scio,
723 2847 811 2924 quae
843 2836 938 2921 gesta
970 2835 1060 2896 suut
1093 2823 1224 2918 Quales
1252 2810 1253 2814 ¹

234 2944 298 3027 tibi
322 2972 428 3049 saepe
443 2949 565 3050 scripsi
583 2945 759 3047 consules,
785 2947 871 3022 tales
896 2949 1110 3022 exstiterunt
1138 2952 1225 3025 Cae·

233 3073 319 3147 saris
343 3100 428 3149 vero
452 3075 551 3176 puori
576 3075 719 3148 mirifica
747 3073 883 3149 indoles
908 3076 1055 3149 virtutis.
1079 3074 1225 3151 Vtinam

235 3209 307 3273 tam
332 3200 430 3275 facile
453 3227 532 3276 eum
551 3200 734 3280 florentem
761 3215 797 3274 et
822 3199 1013 3274 honoribus
1045 3215 1082 3275 et
1115 3204 1223 3302 gratia

233 3349 351 3425 regere
382 3353 423 3401 ac
458 3342 575 3402 tenere
605 3328 800 3429 possimus,
834 3352 937 3429 quam
974 3326 1072 3400 facile
1109 3328 1225 3402 adhuc

232 3452 427 3526 tenuimus!
452 3456 519 3527 Est
535 3455 678 3527 omuino
694 3453 780 3526 illud
806 3451 994 3526 difficilius:
1020 3453 1083 3526 sed
1108 3467 1225 3528 tamen

232 3595 304 3647 non
331 3576 529 3652 diffidimus.
560 3582 769 3655 Persuasum
800 3591 853 3651 est
877 3578 969 3650 euim
995 3577 1224 3677 adolescenti,

231 3708 269 3770 ct
292 3702 441 3775 maxime
465 3730 529 3805 per
553 3731 627 3807 ma,
650 3706 724 3779 eius
748 3729 855 3804 opera
885 3726 951 3776 nos
985 3729 1059 3777 esse
1091 3704 1223 3779 salvos:

232 3834 269 3895 et
294 3839 403 3927 certe,
427 3830 495 3902 nisi
519 3831 548 3905 is
565 3832 758 3906 Antonium
774 3828 819 3902 ab
835 3826 921 3901 urbe
938 3830 1135 3929 avertisset,
1161 3857 1222 3931 pe·

232 3948 371 4029 riissent
401 3957 526 4034 omnia.
559 3956 694 4034 Triduo
719 3979 821 4053 vero,
845 3969 906 4029 aut
931 3955 1117 4056 quatriduo
1142 3971 1223 4032 ante
