2624 4830
151 371 218 473 tpl
448 390 617 442 ceteram
645 392 828 441 occentus
927 389 964 438 >t
976 392 1114 452 ncne

269 671 272 676 .
310 619 366 672 Sur.
382 618 479 685 Pergae
496 617 528 667 t.
544 616 578 668 V.
596 616 628 669 C.
644 610 753 682 Mill,
767 615 817 671 llll
840 616 897 666 sat
917 614 976 667 lun

282 806 519 888 tfittrvttfiv
544 804 730 888 CICERONI
755 805 833 867 SVO
855 805 886 865 S.
910 804 943 866 P.
969 805 1006 867 D.

201 1021 214 1072 t
245 995 363 1086 Quum
387 994 534 1066 Brutum
550 1005 709 1068 nostrum
726 1007 741 1040 ²
767 993 1026 1091 convenissem,
1042 1020 1138 1067 eum-

146 1146 214 1223 que
239 1117 370 1193 tardius
395 1119 433 1190 in
453 1119 572 1199 Asiam
597 1130 783 1190 venturum
808 1095 1138 1208 animadverterem:

146 1247 184 1321 iu
208 1246 326 1326 Asiam
351 1243 459 1338 tertii,
481 1259 522 1317 ut
546 1245 707 1345 reliquias
732 1245 800 1315 mei
824 1242 980 1316 laboris³
998 1244 1139 1343 collige·

146 1397 238 1468 rem,
266 1384 306 1442 ct
327 1371 514 1470 pecuniam
544 1395 648 1470 quam
673 1370 825 1469 primum
850 1371 1001 1441 Romam
1023 1371 1139 1443 mitte·

145 1520 229 1568 rom.
254 1475 397 1571 Interim
424 1497 588 1594 cognovi,
604 1496 640 1570 in
657 1494 796 1593 Lycial
812 1517 889 1567 esse
903 1491 1048 1568 classem
1064 1496 1137 1568 Do·
1160 1577 1162 1581 Α

146 1771 233 1848 quas
265 1748 434 1820 exercitus
465 1749 537 1819 eius
571 1747 704 1846 imponi
736 1759 873 1847 posset!
901 1745 1007 1847 idque
1032 1745 1138 1819 Dola·

145 1869 274 1946 bellam
296 1899 340 1945 ea
371 1886 487 1946 mente
520 1898 755 1974 comparasse,
780 1887 835 1970 ut,
858 1873 888 1944 si
912 1872 1034 1972 Syriae
1058 1897 1137 1971 spes

146 2024 229 2073 eum
261 1997 422 2073 hstrata
455 2013 567 2099 esset,
598 1994 848 2072 conscenderet
879 1998 916 2070 in
948 2022 1072 2095 naves,
1102 2009 1139 2069 et

145 2123 286 2203 Italiam
308 2139 461 2226 peteret,
485 2152 590 2228 saque
616 2152 693 2199 cum
718 2126 911 2207 minutim
937 2138 973 2197 et
997 2121 1137 2224 reliquis

145 2245 343 2326 latronibus
360 2252 593 2350 coniungeret.
619 2252 726 2325 Cuius
752 2252 802 2323 rei
828 2263 925 2323 tanto
950 2251 987 2321 in
1014 2251 1137 2322 timore

146 2370 213 2471 fui,
238 2387 290 2472 ut,
315 2375 476 2448 omnibus
501 2377 603 2449 rebus
629 2376 772 2474 relictis,
804 2402 882 2448 cum
914 2375 1136 2474 paucioribus

146 2511 184 2575 ot
212 2498 403 2572 minoribus
434 2501 580 2575 navibus
612 2502 657 2575 ad
682 2502 757 2574 illas
775 2505 795 2553 ⁶
815 2503 865 2574 ire
891 2515 1037 2574 conatus
1062 2503 1134 2573 sim.

147 2622 247 2712 Quae
271 2649 343 2722 res,
367 2625 394 2695 si
421 2651 440 2697 a
465 2625 614 2733 Rhodiis
639 2653 710 2701 non
741 2653 850 2699 essem
882 2625 1136 2725 interpellatus,

146 2746 292 2820 fortasse
318 2763 391 2823 tota
414 2751 547 2824 sublata
566 2769 673 2826 esset:
700 2768 816 2826 tamen
834 2778 957 2850 magna
975 2778 1018 2824 ex
1036 2765 1135 2852 parte

145 2870 328 2972 profligata
346 2890 415 2974 est,
438 2879 745 2979 quandoquidemr
766 2879 883 2955 classis
902 2878 1068 2977 dissipata
1085 2890 1137 2948 est

147 2997 318 3073 adventus
343 3005 452 3075 nostri
485 3005 625 3101 timore,
656 3004 781 3077 milites
809 3005 983 3103 ducesque
1009 3001 1135 3100 effuge·

146 3137 245 3224 runt,
271 3131 449 3201 onerariae
474 3155 595 3204 omues
621 3132 665 3203 ad
691 3157 795 3203 unam
814 3157 834 3203 a
851 3128 952 3204 nobis
978 3142 1060 3200 sunt
1084 3153 1137 3198 ex·

146 3264 270 3351 ceptae
286 3252 311 3323 ⁸.
337 3255 439 3328 Certe
465 3257 579 3358 (quod
605 3259 755 3330 maxime,
780 3258 897 3345 timui)
924 3254 1046 3328 videor
1063 3277 1134 3325 esse

146 3393 353 3453 consecutus
370 3399 395 3480 9,
420 3398 460 3456 ut
488 3408 560 3457 non
590 3386 701 3484 possit
732 3381 911 3457 Dolabella
938 3381 974 3451 in
999 3377 1133 3451 Italiam

86 3593 91 3601 ἢ
146 3506 346 3602 pervenire,
378 3534 442 3582 nec
474 3512 575 3584 sociis
607 3513 677 3583 suis
709 3503 852 3582 firmatis
886 3504 1004 3579 danus
1037 3502 1133 3578 vobis

146 3623 281 3707 efficere
307 3636 492 3728 negotium.

121 3810 125 3821 .
196 3774 218 3820 2
244 3750 368 3831 Rhodii
395 3782 459 3830 nos
485 3774 519 3831 ct
545 3786 615 3832 rem
643 3761 815 3860 publicam
834 3784 937 3860 quam
955 3754 1057 3829 valde
1075 3753 1130 3824 dc·

146 3878 362 3981 speraverint
383 3896 421 3978 ¹⁰,
446 3909 487 3964 ex
512 3883 635 3983 literis,
669 3913 753 3987 quas
786 3883 930 3988 publice
956 3881 1052 3976 misi,
1078 3902 1134 3950 co·
