2624 4830
242 423 314 500 290
610 418 778 470 nrrsronx
804 422 848 470 rx.
1014 419 1044 468 ι.
1062 421 1095 470 v.
1113 421 1142 468 c
1159 433 1207 484 μ.

240 537 278 600 et
301 523 448 624 gratiam
472 521 775 595 etauctoritatem
797 519 913 596 valere
937 518 1136 621 piurimum.
1160 523 1231 598 Sed

237 650 278 728 C.
309 649 545 748 Nasennium,
578 649 790 749 municipem
827 646 1056 747 Suessanum,
1070 625 1072 629 ⁷
1087 647 1153 720 tibi
1182 650 1230 722 ita

240 773 468 875 commendo,
490 788 531 848 ut
553 775 729 848 neminem
754 772 959 874 diligentius.
984 773 1144 848 Cretensi
1159 772 1231 848 bel·

238 901 293 1004 lo,
323 900 466 978 Metello
497 901 724 1001 imperatore,
755 913 919 1007 octavum
944 900 1141 1003 principem
1167 900 1231 975 du·

240 1028 305 1104 xit:
323 1040 446 1130 postea
462 1027 500 1100 in
515 1052 553 1102 re
569 1026 727 1101 familiari
744 1039 935 1126 occupatus
952 1025 1025 1099 fuit
1049 1025 1130 1101 Hoc
1147 1040 1230 1100 tem·

239 1178 344 1256 pore,
368 1179 475 1256 quum
499 1154 550 1228 rei
574 1152 734 1254 publicas
751 1152 925 1254 partibus,
949 1167 1024 1228 tum
1041 1167 1100 1226 tua
1118 1152 1230 1227 excel·

237 1277 323 1353 lenti
356 1279 524 1378 dignitate
556 1293 768 1377 commotus,
800 1278 904 1353 vellet
937 1304 1001 1378 per
1031 1294 1067 1352 te
1099 1278 1230 1380 aliquid

236 1405 662 1522 Ιιιιοῑοιίιιιίιῖιιειιιῐιιιιιιι.
695 1404 837 1479 Fortem
862 1406 992 1505 virum,
1015 1406 1143 1505 Brute,
1165 1403 1227 1478 tibi

237 1528 464 1630 commendo,
495 1529 583 1630 frugi
615 1531 809 1630 bominem,
842 1545 894 1631 et,
919 1533 948 1605 si
973 1530 1059 1633 quid
1084 1530 1130 1603 ad
1155 1556 1227 1604 rem

144 1641 146 1644 Α
236 1654 406 1758 pertinet,
431 1658 537 1731 etiam
560 1656 779 1759 locupletem.
807 1660 1009 1757 Pergratum
1036 1657 1121 1731 mibi
1146 1659 1228 1755 erit,

237 1783 372 1860 sicum
395 1784 445 1859 ita
470 1785 648 1884 tractaris,
678 1798 718 1860 ut
748 1787 874 1862 meritc
900 1799 962 1860 tuo
992 1783 1076 1860 mihi
1102 1784 1228 1884 gratias

238 1933 339 2011 agere
363 1911 482 2012 possit.

708 2162 755 2236 X·
974 2205 1025 2262 (aa
1040 2204 1101 2250 amr.
1118 2205 1155 2261 u,
1172 2205 1203 2261 ι)

235 2336 454 2417 Argumentum.
475 2339 509 2398 in
530 2359 647 2399 summo
667 2338 836 2399 discrimine
863 2359 927 2400 rem
955 2360 1017 2401 esse
1037 2339 1154 2411 scribit,
1174 2360 1226 2399 rre-

275 2462 335 2523 que
355 2463 386 2503 sc
407 2452 506 2504 tamen
528 2443 699 2525 desperare:
725 2444 905 2505 celeritatem
929 2449 959 2506 in
981 2445 1153 2506 consulibus
1174 2445 1225 2505 de·

275 2546 386 2608 uiderat
405 2558 434 2609 et
454 2548 658 2630 prudentiam:
682 2550 840 2608 maximam
871 2570 955 2631 spem
985 2572 1047 2612 esse
1077 2553 1106 2610 in
1134 2550 1226 2611 Bruto

274 2663 304 2714 et
323 2652 434 2715 Cassio.

404 2886 455 2936 Ser.
477 2886 569 2938 Romae
588 2892 618 2938 Α.
637 2887 669 2938 V.
688 2887 716 2939 C.
737 2887 841 2951 DCOE,
861 2904 946 2940 mense
965 2891 1057 2958 Aprili.

554 3084 698 3150 cicuitu
722 3085 852 3151 BRVTO
878 3087 906 3149 S.

218 3339 234 3369 .
281 3288 400 3382 Quum
425 3289 511 3363 haec
535 3290 747 3393 scribebam,
764 3321 817 3368 res
835 3292 1099 3391 existimabatur
1114 3295 1149 3365 in
1167 3318 1223 3366 ex·

233 3427 382 3488 tremum
407 3415 557 3490 adducta
584 3417 784 3493 discrimen:
808 3420 923 3493 tristes
941 3420 1033 3493 enirn
1053 3419 1096 3492 dc
1111 3421 1222 3492 Bruto

224 3553 351 3613 nostro
375 3539 494 3616 literae
520 3546 701 3646 nuntiique
725 3546 964 3619 afferebantur.
995 3547 1053 3618 Me
1078 3545 1221 3646 quidem

230 3688 302 3736 non
327 3667 476 3740 maxime
502 3671 765 3745 conturbabant
797 3673 861 3745 His
886 3675 979 3745 enim
1011 3670 1218 3745 exercitibus

231 3786 463 3893 ducibusque,
487 3822 576 3896 quos
600 3798 785 3896 babemus,
808 3798 904 3873 nullo
931 3798 1037 3872 modo
1058 3812 1218 3898 poteram

232 3912 394 3990 diffidere.
416 3918 536 4020 Neque
554 3925 764 3999 assentiebar
782 3928 903 4000 maiori
920 3927 1011 4024 parti
1030 3924 1225 3999 hominum.
