2624 4830
162 383 236 482 276
524 396 693 446 trrsroea
720 396 768 442 vr.
939 391 971 439 A.
989 391 1024 439 v.
1042 393 1073 439 e
1091 399 1142 454 ,ιο

635 703 698 783 Vl·
907 741 961 798 (td
979 741 1042 786 ⁰1⁰¹·
1058 741 1093 797 u.
1107 739 1141 794 6)

160 864 382 976 Ὰνςωηιειιιαυι.
403 884 574 966 Respondet
596 884 679 950 Bruti
701 846 846 965 epistoieie
868 878 906 946 ΙΙ.

284 1119 339 1174 Ser.
357 1118 452 1170 Romae
471 1119 503 1170 A.
521 1115 554 1168 V.
571 1115 601 1168 C.
620 1114 724 1180 DCCX,
742 1115 810 1165 eirca
828 1112 940 1164 medinm
960 1111 1043 1180 sprit.

484 1314 629 1379 CICERO
656 1312 789 1378 tatto
813 1313 845 1375 S.

212 1503 322 1599 Quod
346 1529 447 1604 egere
474 1516 508 1576 te
535 1501 672 1581 duabus
705 1499 913 1580 necessariis
941 1497 1047 1573 rebus
1080 1500 1166 1572 scri-

161 1630 235 1733 bis,
267 1628 512 1733 supplemento
545 1641 582 1700 et
613 1628 780 1727 pecunia,
812 1612 964 1698 difficile
979 1625 1165 1699 consilium

162 1773 226 1835 est
250 1758 334 1834 Non
359 1757 453 1830 enim
478 1755 563 1849 milri
590 1767 780 1827 occurrunt
814 1751 1011 1849 facultates,
1037 1752 1166 1853 quibus

161 1887 216 1967 uti
241 1900 276 1959 te
301 1911 405 1996 posse
431 1883 590 1982 videam,
617 1895 756 1982 praeter
788 1879 880 1978 illas,
911 1906 998 1980 quas
1024 1894 1166 1952 senatus

163 2011 342 2112 decrerit,
365 2026 406 2085 ut
431 2012 598 2112 pecunias
623 2035 644 2082 a
670 2005 869 2082 civitatibus
895 2019 1036 2079 mutuas
1053 2032 1167 2078 sume·

162 2166 226 2221 res,
253 2141 308 2214 De
333 2138 579 2248 supplemento
606 2150 821 2215 autemnon
848 2132 953 2206 video
979 2132 1067 2234 quid
1092 2134 1165 2207 fieri

162 2265 285 2366 possit.
310 2265 468 2339 Tantum
492 2267 587 2336 enim
613 2261 726 2360 abest,
751 2275 791 2342 ut
814 2261 929 2344 Pansa
948 2259 993 2338 de
1010 2262 1165 2340 exercitu

161 2414 247 2488 suo,
279 2402 340 2491 aut
372 2388 508 2462 delectu
543 2387 609 2462 tibi
641 2387 774 2490 aliquid
806 2386 959 2487 tribuat,
991 2388 1166 2467 aretiam

160 2513 309 2591 moleste
334 2514 439 2613 ferat,
471 2528 541 2587 tam
567 2513 697 2588 multos
723 2513 768 2587 ad
794 2528 829 2587 te
854 2516 904 2587 ire
930 2512 1165 2590 voluntarios:

161 2640 345 2741 quomodo
378 2639 541 2741 equidem
575 2641 698 2741 cred0,
730 2641 826 2743 quod
852 2641 906 2714 his
931 2641 1050 2740 rebus,
1075 2669 1165 2743 quae

161 2766 200 2839 in
224 2766 325 2844 Italia
351 2765 603 2866 decernuntur,
627 2767 739 2853 nullas
759 2769 880 2868 copias
898 2769 1001 2841 nimis
1020 2793 1165 2867 magnas

161 2918 238 2974 esse
263 2892 467 2975 arbitretur:
499 2893 680 2995 quomodo
714 2910 830 2977 autem
857 2894 957 2968 multi
982 2896 1164 2995 suspican-

160 3032 233 3120 tur,
257 3020 354 3123 quod
380 3047 424 3097 ne
449 3035 484 3094 te
509 3021 652 3122 quidem
677 3023 781 3102 nimis
808 3023 944 3096 firmum
971 3048 1046 3094 esse
1065 3020 1162 3094 velit:

160 3146 258 3248 quod
283 3174 348 3247 ego
373 3175 446 3222 non
471 3149 642 3250 suspicor.
666 3149 775 3244 Quod
800 3148 939 3251 scribis,
957 3164 992 3227 te
1012 3148 1058 3222 ad
1075 3149 1163 3233 Ter«

159 3272 245 3346 tiam
271 3300 428 3348 sororem
454 3275 649 3376 scripsisse,
676 3290 785 3350 utne
811 3278 908 3377 prius
934 3275 1080 3349 ederent
1104 3301 1165 3376 ea,

160 3424 251 3498 quae
276 3415 371 3498 gesta
399 3428 418 3482 a
444 3403 565 3479 Cassio
591 3418 724 3503 essent,
747 3430 853 3506 quam
871 3403 958 3481 mibi
976 3403 1089 3474 visum
1106 3427 1162 3474 esa

160 3536 230 3622 set,
262 3526 366 3601 rideo
401 3541 436 3608 te
468 3531 619 3603 veritum
653 3558 727 3604 esse
757 3531 812 3629 id,
837 3529 934 3632 quod
969 3528 1162 3607 verendum

160 3645 241 3744 fuit,
265 3675 309 3722 ne
335 3653 440 3727 animi
467 3657 620 3754 partium
646 3659 820 3757 Caesaris,
847 3656 1027 3759 quomodo
1053 3655 1160 3728 etiam

160 3796 255 3848 truite
283 3791 401 3875 partes
433 3780 678 3905 appellantur,
701 3784 926 3858 vehementer
956 3807 1160 3857 commove·

160 3911 288 3980 rentur.
313 3902 383 3975 Sed
409 3919 595 4007 antequam
623 3924 700 3984 tuas
726 3911 842 3987 literas
861 3913 1079 4012 acecpimus,
1104 3935 1163 3986 au·
