2624 4830
175 434 222 510 7²
289 451 297 466 -
482 427 651 478 aersroas
680 427 810 476 ncccrx.
947 426 979 478 a.
996 431 1032 480 v.
1049 430 1081 480 o.
1097 444 1144 493 μ.

584 657 773 735 DCCCIK
911 700 1146 764 (arnam.)

172 843 392 923 [quassatum.
419 837 504 900 Serv.
528 837 680 921 Sulpicius
700 837 798 898 Galba
818 838 967 922 praelium
988 843 1112 923 exponit
1130 841 1167 902 ad

210 949 358 1011 Mutinam
379 945 507 1019 factum,
527 947 746 1028 victoriamque
767 945 805 1007 de
826 948 957 1008 Antonio
978 947 1117 1009 relatam.

206 1164 262 1218 ser.
279 1138 312 1218 sn'
324 1162 413 1217 aaa
431 1162 464 1216 aa
481 1162 608 1216 usuam
627 1163 657 1215 s.
677 1161 709 1214 v.
727 1162 757 1215 e
774 1161 879 1230 noes,
897 1161 947 1215 an
966 1161 1027 1216 aar.
1047 1162 1131 1216 aaut

454 1360 615 1428 Gstns¹
641 1359 829 1425 elcnnonl
853 1360 883 1423 8.

219 1549 330 1624 XVII
352 1545 500 1623 Kalend.
526 1548 608 1624 Mai.
627 1564 653 1648 ²,
679 1573 750 1650 quo
776 1545 834 1621 die
858 1548 974 1623 Pansa
991 1549 1029 1622 in
1046 1551 1164 1625 castris

169 1677 276 1752 Hirtii
299 1689 375 1751 erat
400 1674 555 1776 flaturus,
587 1700 666 1749 cum
694 1684 765 1776 qu'o
799 1699 985 1774 egueram
1011 1685 1113 1765 (nam
1135 1677 1165 1749 ei

168 1802 311 1879 obviam
329 1827 567 1905 processeram
593 1799 700 1874 millia
720 1827 887 1903 passuum
912 1816 1074 1903 centum,
1097 1828 1164 1906 quo

168 1931 338 2005 maturius
356 1930 528 2030 veniret),
544 1908 720 2002 Arilonius
736 1926 892 2027 legiones
917 1926 1039 2003 eduxit
1065 1927 1165 2028 duas,

166 2057 357 2132 secundam
389 2069 426 2130 et
458 2057 615 2160 quintam
649 2054 859 2154 trigesimam
879 2056 906 2155 ³,
934 2068 971 2128 et
1002 2054 1163 2131 cohortes

85 2239 88 2242 -
164 2185 358 2286 praetorias
383 2183 489 2283 duas,
513 2209 617 2257 unam
636 2207 755 2281 suam,
779 2179 925 2257 alteram
941 2179 1071 2283 Silani,
1085 2207 1163 2256 evo·

165 2307 358 2383 catorumt
382 2322 528 2410 partem.
554 2311 609 2383 Ita
634 2306 777 2384 obviam
800 2308 897 2383 venit
920 2307 1044 2409 uobis,
1068 2307 1164 2412 quod

164 2457 232 2508 nos
255 2447 408 2537 quatuor
432 2433 587 2534 legiones
620 2437 775 2509 tironum
808 2432 937 2509 habere
969 2433 1085 2510 solnm
1109 2461 1163 2510 ss·

163 2556 369 2635 hitmbatnr.
395 2560 466 2634 Sed
482 2574 608 2660 noctu,
624 2587 694 2663 quo
710 2561 819 2635 tutius
845 2562 963 2636 venire
988 2562 1025 2635 in
1052 2575 1163 2636 eastra

162 2709 364 2787 possemus,
388 2686 562 2787 legionem
579 2689 760 2787 Martiam,
776 2689 833 2761 eui
849 2712 914 2789 ego
932 2714 1095 2790 praeesse
1111 2713 1163 2764 so·

163 2806 296 2911 lebam,
321 2826 358 2885 et
384 2811 470 2886 duas
496 2811 688 2888 cohortes⁵
705 2815 899 2915 praetorias
923 2815 1067 2889 miserat
1083 2815 1162 2891 Hir·

32 3022 36 3031 ¹
164 2938 235 3012 tius
267 2937 378 3026 nobis.
412 2940 532 3034 Quum
564 2941 698 3043 equites
722 2939 869 3016 Antonii
898 2943 1162 3043 apparuissent,

164 3066 337 3140 contineri
354 3091 469 3168 neque
485 3065 576 3167 legio
593 3067 735 3167 Martia,
751 3093 864 3170 neque
881 3067 1045 3144 cohortes
1055 3093 1162 3170 ,prae-

163 3192 274 3268 toriae
305 3206 518 3294 potuerunt:
550 3197 670 3296 quas⁶
693 3195 790 3296 sequi
823 3195 1004 3296 coepimus
1029 3197 1162 3294 eoacti,

163 3308 305 3421 quando
322 3346 382 3395 eas
398 3322 547 3397 retinere
572 3346 645 3396 uon
670 3336 906 3422 potueramus.
922 3323 1101 3396 Antonius
1115 3319 1162 3396 ad

159 3440 292 3519 Fomm
309 3447 524 3522 Galloruma
550 3473 630 3522 suas
656 3448 777 3548 copias
802 3446 1021 3547 continebat,
1048 3471 1161 3550 neque

159 3570 240 3643 sciri
258 3568 410 3671 volebat,
426 3600 464 3647 se
480 3572 635 3674 legiones
650 3558 795 3675 habere,
812 3588 949 3649 tantum
966 3576 1162 3677 equitatum

160 3708 197 3769 et
212 3694 554 3775 levem'armaturum
571 3700 788 3777 ostendebat
805 3704 1041 3804 Posteaquam
1057 3700 1163 3803 vidit,

159 3845 198 3895 se
220 3822 351 3924 invito,
375 3823 550 3927 legionem
574 3829 652 3904 ire⁸
669 3831 798 3929 Pansa,
820 3829 920 3932 sequi
945 3855 983 3902 se
1009 3827 1097 3903 duas
1114 3827 1160 3901 le·

160 3945 279 4044 pones
303 3951 404 4029 iussit
430 3954 593 4033 tironum.
619 3958 883 4060 Posteaquam
900 3959 1078 4054 angustias
1097 3981 1160 4056 pa·
