2624 4830
451 450 485 497 ru
513 448 692 500 assarones
995 432 1068 531 479

68 556 107 613 3ο
128 551 187 612 Zel.
209 551 233 611 B
254 561 285 610 et
305 548 391 609 hmb.
419 549 453 610 15
473 565 501 611 et
523 555 646 615 Brutus:
667 551 751 612 ruale.
781 552 988 633 intelliguntur
1009 557 1069 615 duo

109 663 209 737 Bruti,
229 660 347 719 Marcus
362 671 391 720 et
405 660 553 721 Decimus
575 659 664 721 Illiru
676 660 773 741 ,furth
796 661 988 723 Caesarianae
1002 683 1070 723 cae-

111 770 170 846 dis,
191 768 229 829 de
249 771 333 827 cuius
354 779 452 827 tamen
475 771 614 829 societate
629 767 703 828 falso
718 768 902 849 gloriabatur
914 770 1070 851 Lentulus,

112 889 183 936 teste
205 875 367 936 Plutarcho
389 879 417 934 in
438 877 472 933 C.
493 878 575 936 Caes.
597 899 625 958 p.
650 877 717 955 740.
1154 852 1159 861 ¹

70 987 104 1044 31
130 985 258 1064 Hittorp.
281 995 310 1042 et
331 982 377 1042 etl.
400 984 491 1057 Vict,
512 1005 602 1064 quarn
624 984 770 1043 Graevius
797 994 827 1044 et
851 983 1004 1045 Ernestius
1024 1004 1070 1044 se-

110 1103 257 1172 quuntur,
277 1091 432 1151 Antonias.
456 1095 494 1150 m
514 1096 602 1152 ceteri
630 1090 692 1152 fere
719 1090 785 1151 libri
809 1093 1012 1159 Antonianas:
1040 1102 1070 1153 et

111 1201 154 1258 sic
180 1201 335 1281 rescripsi,
360 1210 423 1258 tum
451 1203 521 1280 qnia
549 1220 639 1280 supra
666 1210 868 1259 memorantur
892 1198 1069 1275 Antoniani,

111 1308 162 1388 qui
184 1326 222 1365 sr.
245 1307 282 1365 ad
297 1307 458 1366 Antonium
480 1309 643 1387 pertinent,
664 1328 709 1388 ep.
731 1306 877 1366 Decctx
895 1304 988 1384 rned.,
1007 1316 1069 1366 tuus

112 1417 181 1495 quia
208 1412 255 1473 hic
279 1415 484 1495 intelliguntur
512 1401 586 1495 legg.
608 1434 667 1473 non
692 1415 826 1501 Antonii,
852 1412 905 1473 sed
925 1414 1070 1493 Caesaris,

111 1542 184 1604 quas
206 1541 245 1580 sc.
267 1524 411 1580 Antonius
433 1543 449 1580 e
470 1541 549 1602 penu
572 1522 702 1581 Caesaris
722 1519 900 1604 proferebat.

71 1630 109 1688 32
131 1627 235 1688 Lamb.
257 1633 310 1710 qui
330 1643 357 1688 et
378 1628 502 1688 sodalis.

72 1737 109 1796 33
131 1737 242 1797 Tribus
267 1736 422 1818 fratribus3
450 1735 487 1796 ad
515 1757 560 1818 ep.
585 1694 747 1818 cstvltt,
767 1757 795 1797 n.
817 1736 846 1797 5.
866 1734 1071 1837 Prouinciam,

109 1866 199 1926 quam
220 1847 401 1927 provinciam
422 1843 567 1905 beneficio
588 1846 785 1904 Antoniorum
806 1842 945 1905 habuerit
958 1842 1070 1903 Lentu-

111 1953 173 2035 lus,
194 1957 331 2035 ignorant
351 1957 533 2034 interpretes.

72 2061 450 2142 341ntegrumseunrium
478 2061 581 2119 recitat
608 2059 786 2118 Plutarchus
806 2062 837 2117 in
858 2042 1070 2147 commentario
1152 2116 1155 2121 ,

112 2167 150 2228 de
176 2168 345 2251 Praeceptis
366 2168 490 2251 politicis
510 2189 538 2250 p.
560 2165 638 2249 8⁰93
660 2186 678 2225 a
699 2186 829 2246 quonam
851 2176 950 2225 tamen
966 2164 1070 2248 etipse

112 2281 267 2359 sumserit,
293 2280 455 2357 ignoratur.
485 2276 558 2335 Mox
587 2274 720 2335 omuibus
745 2276 840 2354 meir,
867 2293 905 2334 sc.
927 2273 1068 2334 Antoniis.

115 2383 259 2445 Omnibus
280 2387 377 2443 omisit
399 2384 555 2443 Gruterus.

73 2491 112 2551 35
132 2492 236 2552 Lamb.
257 2513 348 2574 qraum
369 2495 481 2551 maiore
501 2504 579 2552 auct.
602 2524 640 2537 -·
661 2505 720 2551 tum
742 2511 775 2549 en
794 2490 872 2573 plus.

73 2597 112 2657 36
134 2601 218 2659 Anno
239 2619 353 2681 super,
373 2619 434 2680 quo
456 2597 600 2658 Lentulus
620 2596 658 2658 ad
679 2598 807 2658 Brutum
829 2597 915 2656 venit.

74 2708 110 2785 37
134 2706 282 2767 lavandae
302 2706 457 2785 libertatis,
480 2709 594 2789 opinor.

74 2811 112 2874 38
133 2813 242 2875 Scbtitz
262 2818 293 2875 in
313 2814 360 2877 ed.
390 2814 580 2898 epistolarum
601 2836 634 2876 er
656 2816 826 2875 coniectura
852 2808 975 2870 Strothii
995 2804 1077 2868 IIII

113 2922 191 2982 Nou.

468 3135 678 3197 DCCCXLIV.

79 3372 89 3408 r
115 3350 299 3433 Praepositio
320 3354 350 3411 iu
371 3350 454 3410 abest
475 3371 493 3407 a
512 3370 579 3409 mss.
602 3349 664 3408 sere
685 3347 840 3425 ominbus,
867 3343 918 3403 sed
945 3359 1074 3401 necessa·

115 3461 188 3518 riam
211 3479 274 3518 esse
294 3458 433 3517 viderunt
453 3457 567 3515 Manat.
589 3454 693 3514 Lamb.
715 3454 826 3527 Graes.
845 3460 875 3511 et
894 3449 1009 3509 Ernest

74 3586 92 3626 a
115 3566 361 3626 Coniunctionem
388 3562 493 3647 Lepidi
516 3583 583 3623 curn
609 3563 650 3622 M.
671 3561 815 3641 Antonio,
840 3578 885 3642 ep.
906 3552 1073 3616 DCCCXL.

120 3672 244 3734 Corrad.

74 3781 92 3839 3
117 3782 214 3840 ironia
236 3803 304 3842 curn
325 3780 487 3841 stomacho.
515 3779 632 3840 lllauut.
659 3777 707 3838 Sic
732 3777 814 3858 Virg.
837 3775 909 3836 hen.
935 3773 993 3850 xl,
1015 3768 1074 3848 460

115 3890 239 3950 Turnus
259 3887 565 3972 appropinquantibus
586 3884 733 3948 hostibus:

245 4039 334 4106 Cogite
351 4039 507 4102 concilium,
526 4050 554 4090 et
572 4056 660 4109 pacem
679 4037 782 4091 laudate
799 4033 929 4088 sedentes:

281 4132 322 4183 lili
341 4133 416 4183 aruris
434 4134 460 4196 in
478 4150 555 4202 regna
573 4143 661 4187 ruunt.
