2624 4830
435 451 726 503 ontecootrrnvs
871 495 876 503 .
1003 435 1077 533 619

97 554 140 619 Ἐξ
158 555 261 616 ἄστεως
280 553 428 626 ίιετειλίφον
445 557 550 627 τιιχῶν
563 549 716 628 neptium
728 561 794 608 οισι
812 555 855 607 Ex
867 557 938 609 rotis
949 559 1063 627 septicol-

146 641 179 689 lis
195 639 326 691 moenibus
344 639 378 702 (i.
395 656 419 690 e.
438 639 532 701 Rome)
550 637 657 690 Camillo
673 637 755 690 edidit
772 638 941 701 (Philotimus
952 639 1060 694 libertus

145 723 232 774 uxoria
250 727 339 785 mooe)
355 722 467 772 rationes
479 721 581 772 XXIV
594 721 737 785 minarum,
756 733 780 772 et
792 723 920 774 XLVII!
933 723 1060 775 minarum

36 858 38 861 ,
144 804 212 855 aeris
235 805 314 856 alieni
337 803 389 866 (ab
407 820 487 855 uxore
508 821 543 855 co.
567 804 731 868 contracti),
758 823 834 874 seque
852 803 942 856 debere
960 805 1063 856 XXIV

143 889 226 939 σειίιοε
243 907 274 939 ex
291 888 366 939 bonis
384 887 563 939 Crotoniaticis
580 886 624 949 (h.
643 903 667 939 e.
684 886 803 950 Milonis)
828 897 854 937 et
878 886 1060 939 Chersoniticis

142 969 184 1030 (h.
203 987 226 1022 σ.
244 970 270 1020 in
290 969 448 1022 Chersoneso
466 969 597 1034 exactio),
623 980 647 1018 et
670 971 786 1038 quaeerit
810 988 843 1019 ex
860 968 1057 1033 hereditatibus,

140 1071 207 1123 quas
223 1051 327 1116 adierit,
344 1049 467 1121 redegerit
483 1051 522 1101 tis
538 1061 669 1103 sexcentas
685 1061 708 1100 et
724 1049 916 1120 qttatlrageuas,
934 1069 961 1103 se
973 1061 1057 1102 tarmen

142 1135 210 1186 aeris
227 1135 298 1186 illius
321 1135 400 1186 alieni
413 1152 454 1185 ,ιιι
478 1133 579 1184 elehem
600 1131 704 1200 quidem
727 1132 886 1197 dissolvisse,
911 1151 990 1203 quum
1007 1135 1058 1186 t'am

141 1217 281 1269 debeantur
297 1237 313 1268 a
330 1217 393 1268 Kal.
407 1213 515 1269 'secundi
532 1215 640 1267 mensis:
670 1214 790 1266 liberutm
814 1228 895 1267 autem
919 1218 989 1281 eius,
1014 1218 1061 1286 qui

142 1300 221 1364 idem,
239 1299 311 1370 qtaod
328 1300 442 1350 Cononis
455 1310 529 1367 pater
545 1295 729 1361 (Timotheus)
745 1316 839 1350 nomen
855 1297 975 1363 hahebat,
992 1298 1061 1350 nitit

142 1402 252 1436 curasse.
269 1383 382 1434 Primum
398 1382 479 1451 igitar
495 1380 557 1445 lioo,
579 1380 666 1431 omnia
682 1391 711 1431 ut
727 1393 875 1433 ravennae:
897 1382 1014 1444 alterurn,
1032 1391 1061 1432 ut

142 1484 174 1516 ue
191 1484 283 1516 usuras
299 1463 402 1534 quidem
419 1463 548 1533 negligas,
572 1480 640 1533 quae
662 1461 788 1514 debentur
805 1482 838 1514 ea
861 1462 903 1514 die
919 1480 998 1532 supra
1011 1478 1059 1531 po·

140 1547 197 1598 sito.
216 1549 265 1598 Per
281 1566 323 1597 eos
340 1545 409 1610 dier,
426 1546 521 1616 quibus
538 1544 610 1596 ittam
625 1544 722 1614 per-tadi
731 1583 738 1611 ,
751 1544 850 1615 'magno
868 1546 895 1595 in
910 1544 1058 1611 timoresui.

146 1629 256 1679 Venerat
272 1628 339 1679 enim
355 1625 510 1696 explorandi
525 1644 619 1690 causa,
642 1639 717 1695 atque
735 1626 840 1697 aliquid
855 1628 984 1696 sperabat:
1005 1643 1059 1696 qua

129 1711 279 1776 frustratus
296 1711 359 1760 obiit
375 1722 479 1772 temere,¹
502 1709 539 1760 sic
546 1709 640 1774 fletus:
666 1710 754 1777 Turpe
772 1721 808 1759 est
825 1707 871 1760 diu
888 1727 989 1760 orauere
1006 1715 1056 1760 etc·

140 1809 171 1842 ex
190 1792 265 1843 llotn.
286 1791 357 1843 lliod.
377 1789 636 1859 11,298.ccmt1x
655 1792 725 1851 (tn.
744 1791 797 1855 Vl,
816 1792 846 1853 5>
864 1792 930 1841 Ern.

90 1872 134 1935 Ἓξ
144 1873 316 1948 ἀφαιρίσιως.
327 1872 426 1938 CCLll,
438 1889 452 1922 n
465 1874 529 1933 (tto
539 1872 584 1935 vl,
598 1876 632 1933 ι).
649 1868 792 1944 Ἀφειίρισις
804 1872 930 1940 significat
940 1872 965 1920 in
974 1887 1003 1921 re
1014 1887 1056 1921 ru·

138 1958 201 2007 otico
224 1965 250 2008 ot
268 1956 368 2008 medion
390 1954 518 2006 inutilium
542 1953 729 2006 detractionem
754 1963 780 2005 et
803 1954 970 2005 ablationem.
994 1953 1054 2005 Τῶν

137 2036 209 2094 αὔων
227 2038 379 2111 ἀφαίρεσις,
395 2035 528 2089 ‹rrirlarum
536 2035 677 2102 frondium
695 2037 816 2100 resectio,
835 2045 873 2087 est
887 2034 954 2105 opud
968 2033 1055 2085 Theo·

138 2120 270 2188 plrrottum
290 2128 316 2172 et.
334 2121 404 2170 alios.
423 2111 485 2169 Vnt.
503 2117 608 2170 solman.
627 2118 659 2169 ed
678 2118 758 2170 Solio.
777 2137 803 2188 p.
824 2135 856 2168 m.
869 2118 927 2184 412.
946 2117 1054 2166 Sicmo·

138 2201 188 2252 dici
206 2202 345 2276 ἀφαίρεσιν
362 2208 473 2268 vocant,
491 2217 571 2271 quum
583 2199 686 2271 aliquid
694 2202 813 2253 materiae
823 2199 933 2254 demitur
943 2199 1054 2267 corpori.

137 2283 281 2337 Curationie
299 2302 377 2352 genno
396 2292 442 2335 eet.
456 2284 535 2333 Omne
546 2286 612 2334 enim
623 2285 764 2349 artailium,
782 2292 811 2333 nt
824 2281 911 2334 Colone
923 2282 972 2346 eit,
985 2279 1023 2346 ll,
1038 2297 1055 2348 9

136 2368 162 2417 in
181 2370 235 2432 fin,
253 2380 298 2419 aut
318 2366 395 2418 (leont
415 2365 530 2434 aliquam
547 2367 692 2431 materiam,
715 2378 760 2418 ωιι
775 2364 877 2429 adiicit,
896 2376 940 2415 aut
956 2374 1053 2427 evocat,

136 2462 181 2500 aut
195 2451 324 2518 reprimit,
343 2461 386 2500 aret
403 2448 551 2518 refrigerat,
563 2460 608 2499 aut
617 2448 750 2515 ealefacit,
768 2448 893 2517 simulque
904 2458 949 2497 aut
961 2444 1051 2510 eberat,

135 2543 180 2582 out
196 2531 285 2582 mollit.
304 2531 333 2582 ln
352 2548 383 2581 eo
402 2538 487 2582 eutem
505 2546 614 2596 genere,
632 2530 703 2600 quod
715 2530 741 2581 in
753 2528 913 2581 detractione
931 2535 986 2592 ent,
1004 2544 1051 2596 po·

135 2613 207 2663 nitur
223 2614 308 2682 primo
325 2614 383 2664 loeo
401 2612 537 2684 ,congenuit
553 2611 691 2677 detractio,
714 2629 792 2683 aqut
806 2619 832 2662 et
845 2611 932 2663 Celsut
950 2608 1052 2660 initium

134 2695 208 2761 tacit,
225 2698 331 2766 sarrguis
349 2704 433 2747 antem
452 2698 584 2764 eleganter
601 2695 670 2765 apud
688 2696 794 2747 Latinos
814 2695 912 2746 dicitur
926 2693 1052 2763 pecunia,

133 2777 166 2829 do
183 2796 236 2849 quo
253 2779 388 2848 aliquoties
407 2779 531 2830 Graevius
548 2778 582 2831 ad
599 2778 759 2832 Ciceronem.
773 2777 864 2829 Cicero
876 2794 951 2843 ergo,
971 2791 1051 2845 quum

133 2859 219 2911 dicere
237 2861 328 2924 vellet,
346 2861 379 2912 ab
398 2856 481 2931 Appio
498 2862 658 2932 provinciam
671 2857 822 2913 exhaustam¹
834 2877 900 2925 esee,
922 2861 1053 2924 eleganter

134 2950 160 2993 et
178 2942 265 3010 lepide
288 2943 369 2995 dixit:
395 2946 494 3014 Appius
518 2942 546 3008 ἐξ
569 2944 734 3018 ἀφαιρέσεως
755 2943 913 3014 ρσονίιιείοσι
937 2941 1051 3002 curavit,

133 3027 283 3093 snngrtirrem
293 3028 373 3090 misit,
385 3027 513 3096 quicquid
519 3029 603 3097 potuit
610 3028 721 3080 demant
727 3064 735 3090 ,
747 3026 810 3077 milri
818 3024 924 3076 tradidit
932 3036 1050 3076 coemam.

134 3108 225 3174 Itaque
242 3109 527 3180 προσανατριφομίνην
550 3128 566 3161 u
588 3129 626 3160 me
647 3128 700 3161 non
724 3110 830 3159 libenter
846 3105 921 3157 videt.
947 3109 1050 3176 Προσα-

133 3186 273 3257 νστρέφιιν
291 3196 330 3239 cst
347 3191 503 3240 contrariom
522 3190 699 3242 detractionie.
712 3191 792 3241 Plane
810 3189 862 3239 linc
879 3187 994 3255 pertinet
1011 3187 1050 3236 lo·

132 3286 177 3319 cuc
197 3269 324 3338 Aristopli.
344 3271 369 3320 in
390 3272 462 3322 ltanis
481 3273 530 3322 iam
550 3291 565 3323 a
582 3273 701 3324 Victorio
719 3271 752 3322 od
770 3271 796 3322 b.
808 3271 827 3321 l.
840 3270 944 3332 ellatur,
963 3285 987 3318 ν.
999 3284 1049 3334 97²

132 3349 166 3401 tlt·
184 3349 268 3399 sabulo
285 3368 345 3400 ειιοι

162 3429 296 3501 'lapara
314 3431 363 3502 μὲν
383 3430 536 3504 πρώτιστον
554 3432 658 3500 αὐτὴν,
679 3431 723 3485 νεὶ
741 3428 771 3485 ro'
791 3431 875 3504 βάρος
894 3425 999 3499 ἀφεῖλον

166 3512 314 3572 Ἐπνλλίοιι
333 3513 377 3566 καί
396 3515 571 3586 reperitote,
590 3514 633 3567 καί
650 3513 794 3568 τευτλίοισι
812 3515 915 3585 μικροῖς

164 3592 253 3650 Χυλόν
272 3592 359 3656 διδοὺς
378 3595 598 3667 στωμυλμάτων,
616 3592 669 3650 dal
689 3596 824 3670 βιβλίων,
844 3593 972 3653 ἀπ’ἡθῶν
1047 3642 1054 3656 ,

165 3671 227 3732 Εἶτ’
239 3680 383 3753 ἀνίτριφον
402 3674 542 3752 μονῳδίαις
561 3684 752 3753 Κηφισοφῶντα
770 3678 873 3751 μιγνύς.

130 3763 210 3815 Poto
227 3765 276 3817 iarn
295 3776 355 3819 ente
374 3769 454 3819 flaons
472 3765 630 3836 produxerat
646 3771 673 3820 in
691 3785 809 3833 scenam,
826 3767 872 3818 ced
885 3765 979 3816 infelici
990 3781 1046 3815 oua·

130 3862 217 3899 οιεειιι
236 3849 323 3920 itaque
340 3868 384 3902 eas
401 3868 455 3903 ase
468 3851 532 3902 dicit
546 3853 691 3904 immutatae
701 3851 790 3903 demtis
808 3848 964 3919 (ἴσχνανα)
982 3863 1045 3896 non-

129 3928 221 3997 nullis,
239 3940 266 3982 et
283 3941 373 3984 contre
392 3935 447 3984 aliis
465 3933 557 3986 additis
575 3933 765 4006 (ἀνίτριφον).
783 3935 849 3986 Em.

76 4005 192 4078 Ἐξοχὴ,
210 4013 365 4067 excellentia.
383 4015 489 4082 exul,
507 4034 522 4084 7
541 4017 612 4090 (ltt.
631 4017 684 4082 IV,
706 4018 763 4080 15).
