2624 4830
218 410 289 506 248
532 429 703 479 errsrour
731 427 887 479 peccari.
1079 429 1109 479 r.
1129 431 1197 480 nrc.

218 535 301 610 viris
335 541 544 631 usurpatae,
576 529 832 631 memoriaeque
867 526 1007 601 liter-ist
1032 529 1217 629 proditae,

218 672 353 735 tautum
380 656 544 731 videntur
568 656 738 757 proficere
772 654 918 753 debere,
949 668 1118 757 quantum
1146 670 1216 728 sta-

213 799 271 861 tus
294 786 371 887 ipse
399 796 540 857 nostrae
573 781 741 880 civitatis,
773 794 809 853 et
840 778 929 852 haec
961 778 1215 880 perturbatio⁶

213 925 411 1013 temporum
428 908 662 1011 perditorum:
688 933 795 1009 quum
821 905 1012 981 beatissimi
1038 907 1127 1005 sint,
1153 909 1212 1009 qui

211 1035 341 1112 liberos
356 1062 430 1111 nou
445 1047 690 1136 susceperunt3
714 1034 830 1107 minus
855 1046 972 1105 autem
998 1033 1133 1133 miseri,
1150 1034 1208 1134 qui

211 1163 267 1238 his
291 1162 508 1265 temporibus
533 1160 739 1256 amiserunt,
772 1185 876 1260 quam
910 1159 939 1232 si
973 1157 1115 1232 eosdem
1148 1158 1212 1232 bo·

211 1315 257 1364 ua
275 1308 301 1388 ⁷,
326 1304 386 1363 aut
411 1288 561 1390 denique
590 1285 706 1388 aliqua
731 1311 768 1359 re
795 1283 936 1386 publica
962 1282 1209 1385 perdidissent.

205 1415 321 1507 ,Quod
345 1416 375 1489 si
400 1427 498 1488 tuum
527 1428 562 1487 te
589 1412 801 1487 desiderium
826 1425 963 1512 movet,
996 1426 1057 1485 aut
1081 1412 1109 1485 si
1137 1426 1213 1485 tua·

210 1566 289 1615 rum
314 1543 460 1615 rerum⁸
479 1540 691 1641 cogitatione
708 1565 861 1639 moeres,
878 1564 949 1613 non
967 1537 1067 1614 facile
1085 1538 1214 1612 exhau-

211 1666 272 1741 riri
296 1666 360 1740 tibi
386 1667 490 1741 istum
515 1666 675 1742 dolorem
691 1692 797 1768 posse
814 1666 1014 1740 universum
1033 1678 1139 1766 puto:
1157 1665 1211 1738 siu

211 1791 271 1868 ille
295 1806 331 1867 te
355 1819 411 1868 res
436 1794 584 1892 cruciat,
611 1819 699 1895 quae
718 1793 826 1890 magis
843 1793 972 1866 amoris
995 1804 1066 1890 est,
1093 1804 1133 1864 ut
1157 1816 1216 1864 eo·

205 1944 309 2021 rum,
332 1922 391 2025 qui
417 1921 641 2020 occiderunt,
665 1922 820 1994 miserias
847 1919 983 2019 lugeas,
1008 1932 1048 1991 ut
1072 1943 1113 1992 ea
1139 1943 1212 1991 uon

211 2046 345 2150 dicam,
368 2073 458 2151 quae
490 2049 692 2150 saepissime
725 2060 762 2120 et
793 2045 859 2148 legi
892 2059 929 2120 et
962 2044 1101 2145 audivi,
1125 2043 1212 2117 nibil

208 2173 293 2253 mali
317 2202 392 2250 esse
422 2177 459 2250 iu
487 2190 620 2275 morte,
645 2176 683 2248 iu
709 2201 777 2278 qua
803 2173 833 2247 si
865 2172 1048 2247 resideatt
1073 2197 1213 2269 seusus,

207 2301 452 2377 immortalitas
476 2300 534 2374 illa
566 2303 699 2402 potius,
731 2327 835 2403 quam
870 2326 965 2375 mors
999 2297 1159 2374 ducenda
1180 2313 1208 2348 ¹⁰

208 2428 275 2527 sit,
298 2429 352 2501 sin
377 2429 424 2501 sit
448 2428 593 2502 amissus
600 2483 611 2527 ,
634 2425 729 2501 nulla
755 2427 867 2502 rideri
899 2427 1038 2501 miseria
1065 2424 1209 2523 debeat,

208 2578 299 2656 quae
324 2578 398 2627 uon
423 2556 606 2628 sentiatur:
631 2551 700 2627 hoc
719 2567 836 2627 tamen
853 2579 927 2628 non
945 2551 1109 2626 dubitans
1128 2577 1211 2624 con·

134 2693 137 2698 “
207 2681 346 2754 firmare
363 2705 525 2780 possum,
541 2707 581 2754 ea
600 2679 753 2780 misceri,
779 2681 913 2780 parari,
930 2677 1134 2780 impendere
1160 2678 1207 2751 rei

207 2804 383 2908 publicae,
416 2833 505 2908 quae
538 2811 597 2910 qui
630 2807 826 2911 reliquerit,
858 2806 955 2881 nullo
989 2805 1096 2879 modo
1122 2808 1207 2879 mibi

207 2929 350 3036 quidem
379 2933 549 3036 deceptus
581 2949 673 3009 esset
698 2934 866 3008 videatur.
900 2933 995 3029 Quid
1029 2948 1082 3007 est
1115 2935 1207 3006 eniur

206 3059 277 3134 iam
301 3086 376 3135 non
400 3059 508 3136 modo
538 3061 683 3163 pudori,
715 3058 902 3163 probitati,
932 3061 1073 3160 virtuti,
1105 3061 1209 3135 rectis

206 3185 354 3288 studiis,
386 3187 490 3262 bonis
521 3188 675 3288 artibus,
708 3189 771 3263 sed
803 3189 949 3264 omnino
980 3186 1134 3261 libertati
1167 3215 1208 3261 ac

205 3311 309 3388 saluti
333 3314 421 3389 locil
445 3315 526 3390 Non
552 3315 750 3391 mehercule
768 3342 978 3419 quemquam
996 3313 1115 3388 audivi
1137 3313 1206 3387 hoc

205 3440 411 3536 gravissimo
435 3457 471 3516 et
493 3443 779 3545 pestilentissimo
797 3469 890 3518 auno
908 3440 1206 3517 adolescentulum

205 3576 268 3637 aut
298 3591 446 3666 puerum
479 3584 674 3669 mortuum,
708 3571 768 3673 qui
794 3569 882 3642 milri
906 3594 978 3642 non
1004 3594 1023 3640 a
1051 3567 1117 3640 diis
1143 3569 1206 3639 im-

203 3691 410 3765 mortalibus
443 3709 584 3796 ereptus
609 3723 652 3770 ex
676 3696 730 3770 his
756 3697 918 3795 miseriis,
943 3709 1048 3796 atque
1074 3720 1116 3765 ex
1142 3696 1206 3764 ini-

205 3815 370 3915 quissima
388 3820 590 3896 conditione
611 3824 702 3898 ritae
725 3823 910 3898 videretur.
939 3825 1077 3920 Quare,
1093 3821 1122 3892 si
1143 3820 1208 3891 tibi

203 3965 313 4016 uuum
331 3943 399 4021 hoc
418 3946 553 4033 detrahi
570 3964 689 4051 potest
705 3967 747 4051 ¹¹,
763 3978 807 4026 ue
826 3951 911 4052 quid
928 3952 987 4048 iis,
1006 3974 1093 4050 quos
1114 3974 1209 4020 aura-
