<?xml version="1.0" encoding="UTF-8"?>
<!DOCTYPE html PUBLIC "-//W3C//DTD XHTML 1.0 Transitional//EN"
    "http://www.w3.org/TR/xhtml1/DTD/xhtml1-transitional.dtd">
<html xmlns="http://www.w3.org/1999/xhtml" xml:lang="en" lang="en">
 <head>
  <title>
</title>
<meta http-equiv="Content-Type" content="text/html;charset=utf-8" />
  <meta name='ocr-system' content='tesseract 3.04.00' />
  <meta name='ocr-capabilities' content='ocr_page ocr_carea ocr_par ocr_line ocrx_word'/>
</head>
<body>
  <div class='ocr_page' id='page_1' title='image "./mtulliiciceroni17cicegoog_0423.png"; bbox 0 0 2624 4830; ppageno 0'>
   <div class='ocr_carea' id='block_1_1' title="bbox 460 396 1078 495">
    <p class='ocr_par' dir='ltr' id='par_1_1' title="bbox 460 396 1078 495">
     <span class='ocr_line' id='line_1_1' title="bbox 460 396 1078 495; baseline 0.011 -36"><span class='ocrx_word' id='word_1_1' title='bbox 460 415 495 461; x_wconf 77' lang='grc'><strong>11</strong></span> <span class='ocrx_word' id='word_1_2' title='bbox 525 412 703 461; x_wconf 73' lang='lat' dir='ltr'><strong>rrrs&#39;ronts</strong></span> <span class='ocrx_word' id='word_1_3' title='bbox 976 475 984 492; x_wconf 29' lang='grc' dir='ltr'>ι</span> <span class='ocrx_word' id='word_1_4' title='bbox 1006 396 1078 495; x_wconf 71' lang='grc'><strong>419</strong></span> 
     </span>
    </p>
   </div>
   <div class='ocr_carea' id='block_1_2' title="bbox 121 519 1081 708">
    <p class='ocr_par' dir='ltr' id='par_1_2' title="bbox 121 519 1081 708">
     <span class='ocr_line' id='line_1_2' title="bbox 122 519 1081 601; baseline 0.006 -23"><span class='ocrx_word' id='word_1_5' title='bbox 122 543 146 578; x_wconf 83' lang='lat' dir='ltr'><strong>c.</strong></span> <span class='ocrx_word' id='word_1_6' title='bbox 168 521 222 601; x_wconf 84' lang='lat'><strong>39:</strong></span> <span class='ocrx_word' id='word_1_7' title='bbox 244 521 325 578; x_wconf 81' lang='lat' dir='ltr'><strong>Raro</strong></span> <span class='ocrx_word' id='word_1_8' title='bbox 345 519 426 578; x_wconf 82' lang='lat' dir='ltr'><strong>alias</strong></span> <span class='ocrx_word' id='word_1_9' title='bbox 447 519 534 579; x_wconf 68' lang='lat' dir='ltr'><strong>tanda</strong></span> <span class='ocrx_word' id='word_1_10' title='bbox 554 519 664 577; x_wconf 81' lang='lat' dir='ltr'><strong>animis</strong></span> <span class='ocrx_word' id='word_1_11' title='bbox 679 521 772 577; x_wconf 73' lang='grc'>11111111</span> <span class='ocrx_word' id='word_1_12' title='bbox 784 533 990 579; x_wconf 69' lang='lat' dir='ltr'><strong>concurrentia</strong></span> <span class='ocrx_word' id='word_1_13' title='bbox 1002 520 1081 584; x_wconf 76' lang='lat' dir='ltr'><strong>clas·</strong></span> 
     </span>
     <span class='ocr_line' id='line_1_3' title="bbox 121 624 983 708; baseline 0.003 -23"><span class='ocrx_word' id='word_1_14' title='bbox 121 649 176 686; x_wconf 83' lang='lat' dir='ltr'><strong>ses.</strong></span> <span class='ocrx_word' id='word_1_15' title='bbox 198 627 296 686; x_wconf 90' lang='lat' dir='ltr'><strong>Minus</strong></span> <span class='ocrx_word' id='word_1_16' title='bbox 317 637 395 687; x_wconf 90' lang='lat' dir='ltr'><strong>recte</strong></span> <span class='ocrx_word' id='word_1_17' title='bbox 417 624 502 686; x_wconf 86' lang='lat' dir='ltr'><strong>codd.</strong></span> <span class='ocrx_word' id='word_1_18' title='bbox 524 624 612 708; x_wconf 84' lang='lat' dir='ltr'><strong>aliqui</strong></span> <span class='ocrx_word' id='word_1_19' title='bbox 634 636 664 686; x_wconf 90' lang='lat' dir='ltr'><strong>et</strong></span> <span class='ocrx_word' id='word_1_20' title='bbox 685 624 731 687; x_wconf 89' lang='lat' dir='ltr'><strong>ed.</strong></span> <span class='ocrx_word' id='word_1_21' title='bbox 754 626 828 687; x_wconf 89' lang='lat' dir='ltr'><strong>leus.</strong></span> <span class='ocrx_word' id='word_1_22' title='bbox 848 626 983 688; x_wconf 81' lang='grc' dir='ltr'>1111111τί1.</span> 
     </span>
    </p>
   </div>
   <div class='ocr_carea' id='block_1_3' title="bbox 86 715 1080 819">
    <p class='ocr_par' dir='ltr' id='par_1_3' title="bbox 86 715 1080 819">
     <span class='ocr_line' id='line_1_4' title="bbox 86 715 1080 819; baseline 0.004 -25"><span class='ocrx_word' id='word_1_23' title='bbox 86 756 116 794; x_wconf 93' lang='grc'><strong>11</strong></span> <span class='ocrx_word' id='word_1_24' title='bbox 140 715 246 794; x_wconf 57' lang='lat' dir='ltr'><strong>llamb.</strong></span> <span class='ocrx_word' id='word_1_25' title='bbox 266 733 337 805; x_wconf 84' lang='lat' dir='ltr'><strong>sed‚·</strong></span> <span class='ocrx_word' id='word_1_26' title='bbox 359 734 441 816; x_wconf 91' lang='lat' dir='ltr'><strong>quod</strong></span> <span class='ocrx_word' id='word_1_27' title='bbox 463 745 542 796; x_wconf 86' lang='lat' dir='ltr'><strong>certe</strong></span> <span class='ocrx_word' id='word_1_28' title='bbox 562 734 767 817; x_wconf 87' lang='lat' dir='ltr'><strong>praetulerim,</strong></span> <span class='ocrx_word' id='word_1_29' title='bbox 788 737 811 795; x_wconf 90' lang='lat' dir='ltr'><strong>si</strong></span> <span class='ocrx_word' id='word_1_30' title='bbox 833 735 919 795; x_wconf 85' lang='lat' dir='ltr'>codd.</span> <span class='ocrx_word' id='word_1_31' title='bbox 934 735 1080 819; x_wconf 78' lang='lat' dir='ltr'><strong>suffraga-</strong></span> 
     </span>
    </p>
   </div>
   <div class='ocr_carea' id='block_1_4' title="bbox 79 841 1082 4049">
    <p class='ocr_par' dir='ltr' id='par_1_4' title="bbox 119 841 1078 1034">
     <span class='ocr_line' id='line_1_5' title="bbox 121 841 1078 925; baseline 0.003 -24"><span class='ocrx_word' id='word_1_32' title='bbox 121 853 241 922; x_wconf 79' lang='lat' dir='ltr'><strong>rentur,</strong></span> <span class='ocrx_word' id='word_1_33' title='bbox 261 843 307 902; x_wconf 90' lang='lat' dir='ltr'><strong>De</strong></span> <span class='ocrx_word' id='word_1_34' title='bbox 321 843 483 902; x_wconf 84' lang='lat' dir='ltr'><strong>Franciscis</strong></span> <span class='ocrx_word' id='word_1_35' title='bbox 503 855 531 902; x_wconf 86' lang='lat' dir='ltr'><strong>et</strong></span> <span class='ocrx_word' id='word_1_36' title='bbox 550 842 601 901; x_wconf 84' lang='lat' dir='ltr'><strong>sir.</strong></span> <span class='ocrx_word' id='word_1_37' title='bbox 623 842 693 902; x_wconf 80' lang='lat' dir='ltr'><strong>Mox</strong></span> <span class='ocrx_word' id='word_1_38' title='bbox 713 841 800 902; x_wconf 88' lang='lat' dir='ltr'><strong>codd.</strong></span> <span class='ocrx_word' id='word_1_39' title='bbox 821 843 911 925; x_wconf 85' lang='lat' dir='ltr'>aliqui</span> <span class='ocrx_word' id='word_1_40' title='bbox 926 865 994 904; x_wconf 84' lang='grc'>111111</span> <span class='ocrx_word' id='word_1_41' title='bbox 1010 845 1078 905; x_wconf 88' lang='lat' dir='ltr'><strong>edd.</strong></span> 
     </span>
     <span class='ocr_line' id='line_1_6' title="bbox 119 950 763 1034; baseline 0.002 -24"><span class='ocrx_word' id='word_1_42' title='bbox 119 952 174 1010; x_wconf 83' lang='lat' dir='ltr'><strong>Ro.</strong></span> <span class='ocrx_word' id='word_1_43' title='bbox 196 951 269 1011; x_wconf 80' lang='lat' dir='ltr'><strong>len&#39;s.</strong></span> <span class='ocrx_word' id='word_1_44' title='bbox 292 961 322 1011; x_wconf 89' lang='lat' dir='ltr'><strong>et</strong></span> <span class='ocrx_word' id='word_1_45' title='bbox 343 950 447 1012; x_wconf 89' lang='lat' dir='ltr'><strong>Lamb.</strong></span> <span class='ocrx_word' id='word_1_46' title='bbox 469 951 578 1034; x_wconf 86' lang='lat' dir='ltr'><strong>inquo</strong></span> <span class='ocrx_word' id='word_1_47' title='bbox 599 972 651 1030; x_wconf 79' lang='lat' dir='ltr'><strong>ego</strong></span> <span class='ocrx_word' id='word_1_48' title='bbox 672 972 763 1011; x_wconf 83' lang='lat' dir='ltr'><strong>emm.</strong></span> 
     </span>
    </p>

    <p class='ocr_par' dir='ltr' id='par_1_5' title="bbox 84 1059 1080 1789">
     <span class='ocr_line' id='line_1_7' title="bbox 84 1059 1079 1142; baseline 0.002 -22"><span class='ocrx_word' id='word_1_49' title='bbox 84 1079 119 1121; x_wconf 79' lang='lat' dir='ltr'><strong>tn</strong></span> <span class='ocrx_word' id='word_1_50' title='bbox 140 1060 210 1119; x_wconf 89' lang='lat' dir='ltr'><strong>Duo</strong></span> <span class='ocrx_word' id='word_1_51' title='bbox 223 1060 386 1119; x_wconf 77' lang='lat' dir='ltr'><strong>blunutiani</strong></span> <span class='ocrx_word' id='word_1_52' title='bbox 398 1069 427 1119; x_wconf 91' lang='lat' dir='ltr'><strong>et</strong></span> <span class='ocrx_word' id='word_1_53' title='bbox 436 1059 640 1118; x_wconf 88' lang='lat' dir='ltr'><strong>Mentellianus</strong></span> <span class='ocrx_word' id='word_1_54' title='bbox 647 1081 758 1140; x_wconf 83' lang='lat' dir='ltr'><strong>passus</strong></span> <span class='ocrx_word' id='word_1_55' title='bbox 768 1061 955 1142; x_wconf 75' lang='lat' dir='ltr'><strong>quingentos5</strong></span> <span class='ocrx_word' id='word_1_56' title='bbox 968 1059 1079 1123; x_wconf 79' lang='lat' dir='ltr'><strong>Ambb.</strong></span> 
     </span>
     <span class='ocr_line' id='line_1_8' title="bbox 124 1166 1079 1250; baseline 0.003 -24"><span class='ocrx_word' id='word_1_57' title='bbox 124 1167 158 1227; x_wconf 86' lang='grc'><strong>13</strong></span> <span class='ocrx_word' id='word_1_58' title='bbox 180 1177 210 1227; x_wconf 87' lang='grc'><strong>11</strong></span> <span class='ocrx_word' id='word_1_59' title='bbox 236 1168 286 1244; x_wconf 76' lang='grc'><strong>14,</strong></span> <span class='ocrx_word' id='word_1_60' title='bbox 307 1167 377 1227; x_wconf 88' lang='lat' dir='ltr'><strong>Rec.</strong></span> <span class='ocrx_word' id='word_1_61' title='bbox 405 1166 451 1228; x_wconf 90' lang='lat' dir='ltr'><strong>ed.</strong></span> <span class='ocrx_word' id='word_1_62' title='bbox 476 1166 556 1226; x_wconf 89' lang='lat' dir='ltr'><strong>Med.</strong></span> <span class='ocrx_word' id='word_1_63' title='bbox 578 1178 608 1227; x_wconf 89' lang='lat' dir='ltr'><strong>et</strong></span> <span class='ocrx_word' id='word_1_64' title='bbox 627 1169 673 1227; x_wconf 90' lang='lat' dir='ltr'><strong>De</strong></span> <span class='ocrx_word' id='word_1_65' title='bbox 687 1168 793 1227; x_wconf 87' lang='lat' dir='ltr'><strong>Franc.</strong></span> <span class='ocrx_word' id='word_1_66' title='bbox 815 1189 927 1250; x_wconf 84' lang='lat' dir='ltr'><strong>passus</strong></span> <span class='ocrx_word' id='word_1_67' title='bbox 947 1182 1079 1243; x_wconf 82' lang='lat' dir='ltr'><strong>centum,</strong></span> 
     </span>
     <span class='ocr_line' id='line_1_9' title="bbox 120 1271 1078 1357; baseline 0.004 -27"><span class='ocrx_word' id='word_1_68' title='bbox 120 1272 166 1332; x_wconf 82' lang='lat' dir='ltr'><strong>vel</strong></span> <span class='ocrx_word' id='word_1_69' title='bbox 189 1271 236 1343; x_wconf 86' lang='lat' dir='ltr'><strong>C.;</strong></span> <span class='ocrx_word' id='word_1_70' title='bbox 257 1273 308 1334; x_wconf 92' lang='lat' dir='ltr'><strong>sed</strong></span> <span class='ocrx_word' id='word_1_71' title='bbox 323 1277 469 1356; x_wconf 81' lang='lat' dir='ltr'><strong>posterior</strong></span> <span class='ocrx_word' id='word_1_72' title='bbox 483 1273 568 1334; x_wconf 72' lang='lat' dir='ltr'><strong>amb.</strong></span> <span class='ocrx_word' id='word_1_73' title='bbox 583 1295 601 1332; x_wconf 91' lang='lat' dir='ltr'><strong>a</strong></span> <span class='ocrx_word' id='word_1_74' title='bbox 616 1295 633 1333; x_wconf 84' lang='lat'>2</span> <span class='ocrx_word' id='word_1_75' title='bbox 650 1296 688 1334; x_wconf 88' lang='lat' dir='ltr'><strong>m.</strong></span> <span class='ocrx_word' id='word_1_76' title='bbox 705 1285 734 1335; x_wconf 91' lang='lat' dir='ltr'><strong>et</strong></span> <span class='ocrx_word' id='word_1_77' title='bbox 748 1273 795 1335; x_wconf 92' lang='lat' dir='ltr'><strong>ed.</strong></span> <span class='ocrx_word' id='word_1_78' title='bbox 811 1277 866 1335; x_wconf 80' lang='lat' dir='ltr'><strong>lto.</strong></span> <span class='ocrx_word' id='word_1_79' title='bbox 883 1274 937 1336; x_wconf 86' lang='lat' dir='ltr'><strong>GC</strong></span> <span class='ocrx_word' id='word_1_80' title='bbox 947 1297 1078 1357; x_wconf 55' lang='lat' dir='ltr'><strong>passum</strong></span> 
     </span>
     <span class='ocr_line' id='line_1_10' title="bbox 120 1379 1080 1463; baseline 0.003 -22"><span class='ocrx_word' id='word_1_81' title='bbox 120 1379 207 1443; x_wconf 68' lang='lat' dir='ltr'><strong>emb.</strong></span> <span class='ocrx_word' id='word_1_82' title='bbox 237 1380 271 1442; x_wconf 83' lang='lat'><strong>15</strong></span> <span class='ocrx_word' id='word_1_83' title='bbox 295 1402 406 1463; x_wconf 83' lang='lat' dir='ltr'><strong>passus</strong></span> <span class='ocrx_word' id='word_1_84' title='bbox 426 1382 516 1442; x_wconf 85' lang='lat' dir='ltr'><strong>mille.</strong></span> <span class='ocrx_word' id='word_1_85' title='bbox 545 1383 578 1441; x_wconf 90' lang='lat' dir='ltr'><strong>lu</strong></span> <span class='ocrx_word' id='word_1_86' title='bbox 599 1381 662 1442; x_wconf 89' lang='lat' dir='ltr'><strong>aliis</strong></span> <span class='ocrx_word' id='word_1_87' title='bbox 682 1393 746 1442; x_wconf 88' lang='lat' dir='ltr'><strong>tum</strong></span> <span class='ocrx_word' id='word_1_88' title='bbox 769 1386 888 1463; x_wconf 85' lang='lat' dir='ltr'><strong>nostris,</strong></span> <span class='ocrx_word' id='word_1_89' title='bbox 914 1394 979 1444; x_wconf 91' lang='lat' dir='ltr'><strong>tum</strong></span> <span class='ocrx_word' id='word_1_90' title='bbox 1005 1383 1080 1444; x_wconf 89' lang='lat' dir='ltr'><strong>alio-</strong></span> 
     </span>
     <span class='ocr_line' id='line_1_11' title="bbox 120 1489 1079 1570; baseline 0.002 -20"><span class='ocrx_word' id='word_1_91' title='bbox 120 1510 187 1550; x_wconf 91' lang='lat' dir='ltr'><strong>rum</strong></span> <span class='ocrx_word' id='word_1_92' title='bbox 214 1510 357 1549; x_wconf 88' lang='lat' dir='ltr'><strong>numerus</strong></span> <span class='ocrx_word' id='word_1_93' title='bbox 385 1489 476 1550; x_wconf 90' lang='lat' dir='ltr'><strong>abest.</strong></span> <span class='ocrx_word' id='word_1_94' title='bbox 498 1489 633 1550; x_wconf 86' lang='lat' dir='ltr'><strong>Varietas</strong></span> <span class='ocrx_word' id='word_1_95' title='bbox 658 1490 744 1550; x_wconf 86' lang='lat' dir='ltr'><strong>facile</strong></span> <span class='ocrx_word' id='word_1_96' title='bbox 768 1489 893 1570; x_wconf 86' lang='lat' dir='ltr'><strong>indicat,</strong></span> <span class='ocrx_word' id='word_1_97' title='bbox 919 1511 1079 1552; x_wconf 86' lang='lat' dir='ltr'><strong>numerum</strong></span> 
     </span>
     <span class='ocr_line' id='line_1_12' title="bbox 119 1596 1080 1682; baseline 0.004 -25"><span class='ocrx_word' id='word_1_98' title='bbox 119 1597 206 1658; x_wconf 84' lang='lat' dir='ltr'><strong>fuisse</strong></span> <span class='ocrx_word' id='word_1_99' title='bbox 226 1618 245 1656; x_wconf 87' lang='lat' dir='ltr'><strong>a</strong></span> <span class='ocrx_word' id='word_1_100' title='bbox 264 1596 390 1658; x_wconf 85' lang='lat' dir='ltr'><strong>librariis</strong></span> <span class='ocrx_word' id='word_1_101' title='bbox 403 1618 459 1680; x_wconf 91' lang='lat' dir='ltr'><strong>pro</strong></span> <span class='ocrx_word' id='word_1_102' title='bbox 473 1597 597 1659; x_wconf 89' lang='lat' dir='ltr'><strong>arbitrio</strong></span> <span class='ocrx_word' id='word_1_103' title='bbox 610 1597 789 1681; x_wconf 89' lang='lat' dir='ltr'><strong>suppletum.</strong></span> <span class='ocrx_word' id='word_1_104' title='bbox 811 1599 882 1660; x_wconf 84' lang='lat' dir='ltr'><strong>Mox</strong></span> <span class='ocrx_word' id='word_1_105' title='bbox 896 1599 977 1661; x_wconf 89' lang='lat' dir='ltr'><strong>idem</strong></span> <span class='ocrx_word' id='word_1_106' title='bbox 991 1601 1080 1682; x_wconf 86' lang='lat' dir='ltr'><strong>quin-</strong></span> 
     </span>
     <span class='ocr_line' id='line_1_13' title="bbox 118 1692 769 1789; baseline 0 -23"><span class='ocrx_word' id='word_1_107' title='bbox 118 1705 230 1768; x_wconf 85' lang='lat' dir='ltr'><strong>tusdec.</strong></span> <span class='ocrx_word' id='word_1_108' title='bbox 251 1728 273 1767; x_wconf 86' lang='lat' dir='ltr'><strong>a</strong></span> <span class='ocrx_word' id='word_1_109' title='bbox 292 1727 353 1789; x_wconf 87' lang='lat' dir='ltr'><strong>quo</strong></span> <span class='ocrx_word' id='word_1_110' title='bbox 373 1707 454 1776; x_wconf 82' lang='lat' dir='ltr'><strong>loco;</strong></span> <span class='ocrx_word' id='word_1_111' title='bbox 474 1726 535 1766; x_wconf 92' lang='lat' dir='ltr'><strong>non</strong></span> <span class='ocrx_word' id='word_1_112' title='bbox 556 1709 596 1766; x_wconf 90' lang='lat' dir='ltr'><strong>ita</strong></span> <span class='ocrx_word' id='word_1_113' title='bbox 617 1706 704 1766; x_wconf 89' lang='lat' dir='ltr'><strong>male.</strong></span> <span class='ocrx_word' id='word_1_114' title='bbox 754 1692 769 1721; x_wconf 79' lang='lat'><em>⁰</em></span> 
     </span>
    </p>

    <p class='ocr_par' dir='ltr' id='par_1_6' title="bbox 83 1811 1082 2220">
     <span class='ocr_line' id='line_1_14' title="bbox 83 1811 1079 1897; baseline 0 -23"><span class='ocrx_word' id='word_1_115' title='bbox 83 1811 117 1874; x_wconf 82' lang='lat'><strong>13</strong></span> <span class='ocrx_word' id='word_1_116' title='bbox 139 1815 214 1874; x_wconf 87' lang='lat' dir='ltr'><strong>Tres</strong></span> <span class='ocrx_word' id='word_1_117' title='bbox 235 1812 345 1874; x_wconf 81' lang='lat' dir='ltr'><strong>Ambb.</strong></span> <span class='ocrx_word' id='word_1_118' title='bbox 367 1836 435 1874; x_wconf 88' lang='lat' dir='ltr'><strong>curn</strong></span> <span class='ocrx_word' id='word_1_119' title='bbox 457 1814 504 1874; x_wconf 92' lang='lat' dir='ltr'><strong>ed.</strong></span> <span class='ocrx_word' id='word_1_120' title='bbox 530 1813 609 1875; x_wconf 87' lang='lat' dir='ltr'><strong>Med.</strong></span> <span class='ocrx_word' id='word_1_121' title='bbox 635 1815 804 1896; x_wconf 76' lang='lat' dir='ltr'><strong>circumire,</strong></span> <span class='ocrx_word' id='word_1_122' title='bbox 832 1825 863 1875; x_wconf 89' lang='lat' dir='ltr'><strong>et</strong></span> <span class='ocrx_word' id='word_1_123' title='bbox 888 1815 963 1875; x_wconf 81' lang='lat' dir='ltr'><strong>infru</strong></span> <span class='ocrx_word' id='word_1_124' title='bbox 990 1817 1079 1897; x_wconf 89' lang='lat' dir='ltr'><strong>quin·</strong></span> 
     </span>
     <span class='ocr_line' id='line_1_15' title="bbox 118 1922 1082 2004; baseline -0.002 -22"><span class='ocrx_word' id='word_1_125' title='bbox 118 1944 176 2004; x_wconf 89' lang='lat' dir='ltr'><strong>quc</strong></span> <span class='ocrx_word' id='word_1_126' title='bbox 190 1922 432 1991; x_wconf 66' lang='lat' dir='ltr'><strong>circumibantum</strong></span> <span class='ocrx_word' id='word_1_127' title='bbox 452 1924 603 1982; x_wconf 82' lang='lat' dir='ltr'><strong>sonantius</strong></span> <span class='ocrx_word' id='word_1_128' title='bbox 616 1933 646 1982; x_wconf 90' lang='lat' dir='ltr'><strong>et</strong></span> <span class='ocrx_word' id='word_1_129' title='bbox 660 1923 782 2000; x_wconf 88' lang='lat' dir='ltr'><strong>rectius,</strong></span> <span class='ocrx_word' id='word_1_130' title='bbox 803 1924 826 1982; x_wconf 88' lang='lat' dir='ltr'><strong>si</strong></span> <span class='ocrx_word' id='word_1_131' title='bbox 846 1923 1034 2003; x_wconf 86' lang='lat' dir='ltr'><strong>Dausquium</strong></span> <span class='ocrx_word' id='word_1_132' title='bbox 1048 1931 1082 1981; x_wconf 88' lang='lat' dir='ltr'><strong>et</strong></span> 
     </span>
     <span class='ocr_line' id='line_1_16' title="bbox 116 2028 1078 2113; baseline -0.002 -23"><span class='ocrx_word' id='word_1_133' title='bbox 116 2031 308 2113; x_wconf 89' lang='lat' dir='ltr'><strong>Papirianum</strong></span> <span class='ocrx_word' id='word_1_134' title='bbox 329 2030 412 2112; x_wconf 90' lang='lat' dir='ltr'><strong>apud</strong></span> <span class='ocrx_word' id='word_1_135' title='bbox 433 2030 643 2090; x_wconf 84' lang='lat' dir='ltr'><strong>Cassiodorurn</strong></span> <span class='ocrx_word' id='word_1_136' title='bbox 664 2029 720 2111; x_wconf 91' lang='lat' dir='ltr'><strong>(de</strong></span> <span class='ocrx_word' id='word_1_137' title='bbox 735 2031 819 2107; x_wconf 87' lang='lat' dir='ltr'><strong>Ort.)</strong></span> <span class='ocrx_word' id='word_1_138' title='bbox 841 2028 1006 2091; x_wconf 88' lang='lat' dir='ltr'><strong>audiamus.</strong></span> <span class='ocrx_word' id='word_1_139' title='bbox 1028 2029 1078 2089; x_wconf 92' lang='lat' dir='ltr'><strong>Sic</strong></span> 
     </span>
     <span class='ocr_line' id='line_1_17' title="bbox 116 2136 963 2220; baseline 0 -23"><span class='ocrx_word' id='word_1_140' title='bbox 116 2159 234 2220; x_wconf 88' lang='lat' dir='ltr'><strong>semper</strong></span> <span class='ocrx_word' id='word_1_141' title='bbox 254 2137 394 2199; x_wconf 90' lang='lat' dir='ltr'><strong>Oudend.</strong></span> <span class='ocrx_word' id='word_1_142' title='bbox 417 2138 456 2198; x_wconf 86' lang='lat' dir='ltr'><strong>ad</strong></span> <span class='ocrx_word' id='word_1_143' title='bbox 477 2138 609 2220; x_wconf 80' lang='lat' dir='ltr'><strong>Cassan,</strong></span> <span class='ocrx_word' id='word_1_144' title='bbox 628 2137 770 2197; x_wconf 83' lang='lat' dir='ltr'><strong>Burnoul</strong></span> <span class='ocrx_word' id='word_1_145' title='bbox 785 2137 825 2198; x_wconf 91' lang='lat' dir='ltr'><strong>ad</strong></span> <span class='ocrx_word' id='word_1_146' title='bbox 845 2136 963 2197; x_wconf 82' lang='lat' dir='ltr'><strong>Sallust.</strong></span> 
     </span>
    </p>

    <p class='ocr_par' dir='ltr' id='par_1_7' title="bbox 81 2246 1079 3512">
     <span class='ocr_line' id='line_1_18' title="bbox 81 2246 1078 2327; baseline -0.001 -23"><span class='ocrx_word' id='word_1_147' title='bbox 81 2246 117 2322; x_wconf 72' lang='grc'><strong>14</strong></span> <span class='ocrx_word' id='word_1_148' title='bbox 137 2247 209 2305; x_wconf 91' lang='lat' dir='ltr'><strong>Tria</strong></span> <span class='ocrx_word' id='word_1_149' title='bbox 224 2267 333 2327; x_wconf 83' lang='lat' dir='ltr'><strong>genera</strong></span> <span class='ocrx_word' id='word_1_150' title='bbox 348 2246 472 2306; x_wconf 81' lang='lat' dir='ltr'><strong>militurn</strong></span> <span class='ocrx_word' id='word_1_151' title='bbox 486 2257 570 2307; x_wconf 90' lang='lat' dir='ltr'><strong>erant</strong></span> <span class='ocrx_word' id='word_1_152' title='bbox 584 2249 613 2305; x_wconf 92' lang='lat' dir='ltr'><strong>in</strong></span> <span class='ocrx_word' id='word_1_153' title='bbox 627 2249 755 2307; x_wconf 82' lang='lat' dir='ltr'><strong>exercitu</strong></span> <span class='ocrx_word' id='word_1_154' title='bbox 769 2246 871 2326; x_wconf 77' lang='grc'>111111,</span> <span class='ocrx_word' id='word_1_155' title='bbox 885 2246 1013 2325; x_wconf 83' lang='lat' dir='ltr'><strong>equites,</strong></span> <span class='ocrx_word' id='word_1_156' title='bbox 1027 2264 1078 2325; x_wconf 82' lang='lat' dir='ltr'><strong>pe·</strong></span> 
     </span>
     <span class='ocr_line' id='line_1_19' title="bbox 117 2352 1077 2438; baseline -0.001 -24"><span class='ocrx_word' id='word_1_157' title='bbox 117 2352 191 2414; x_wconf 89' lang='lat' dir='ltr'><strong>dites</strong></span> <span class='ocrx_word' id='word_1_158' title='bbox 209 2354 361 2434; x_wconf 81' lang='lat' dir='ltr'><strong>leglonarii</strong></span> <span class='ocrx_word' id='word_1_159' title='bbox 377 2375 444 2413; x_wconf 82' lang='lat' dir='ltr'><strong>curn</strong></span> <span class='ocrx_word' id='word_1_160' title='bbox 459 2356 519 2418; x_wconf 85' lang='lat' dir='ltr'><strong>suis</strong></span> <span class='ocrx_word' id='word_1_161' title='bbox 532 2356 635 2433; x_wconf 83' lang='lat' dir='ltr'><strong>signis,</strong></span> <span class='ocrx_word' id='word_1_162' title='bbox 652 2365 682 2414; x_wconf 92' lang='lat' dir='ltr'><strong>et</strong></span> <span class='ocrx_word' id='word_1_163' title='bbox 696 2353 808 2438; x_wconf 81' lang='lat' dir='ltr'><strong>pedites</strong></span> <span class='ocrx_word' id='word_1_164' title='bbox 822 2353 892 2414; x_wconf 85' lang='lat' dir='ltr'><strong>levis</strong></span> <span class='ocrx_word' id='word_1_165' title='bbox 906 2362 1077 2413; x_wconf 83' lang='lat' dir='ltr'><strong>armaturae</strong></span> 
     </span>
     <span class='ocr_line' id='line_1_20' title="bbox 115 2458 1076 2544; baseline -0.002 -24"><span class='ocrx_word' id='word_1_166' title='bbox 115 2464 177 2521; x_wconf 88' lang='lat' dir='ltr'><strong>sine</strong></span> <span class='ocrx_word' id='word_1_167' title='bbox 198 2464 294 2543; x_wconf 75' lang='lat' dir='ltr'><strong>signis.</strong></span> <span class='ocrx_word' id='word_1_168' title='bbox 316 2461 354 2521; x_wconf 85' lang='lat' dir='ltr'><strong>lli</strong></span> <span class='ocrx_word' id='word_1_169' title='bbox 374 2462 471 2521; x_wconf 79' lang='lat' dir='ltr'><strong>velites</strong></span> <span class='ocrx_word' id='word_1_170' title='bbox 492 2461 694 2544; x_wconf 78' lang='lat' dir='ltr'><strong>vocabantur3</strong></span> <span class='ocrx_word' id='word_1_171' title='bbox 716 2472 761 2540; x_wconf 90' lang='lat' dir='ltr'><strong>et,</strong></span> <span class='ocrx_word' id='word_1_172' title='bbox 781 2461 835 2521; x_wconf 94' lang='lat' dir='ltr'><strong>ubi</strong></span> <span class='ocrx_word' id='word_1_173' title='bbox 856 2458 1076 2540; x_wconf 78' lang='lat' dir='ltr'><strong>confligendum</strong></span> 
     </span>
     <span class='ocr_line' id='line_1_21' title="bbox 116 2566 1077 2650; baseline -0.003 -22"><span class='ocrx_word' id='word_1_174' title='bbox 116 2580 195 2648; x_wconf 88' lang='lat' dir='ltr'><strong>erat,</strong></span> <span class='ocrx_word' id='word_1_175' title='bbox 221 2571 297 2629; x_wconf 91' lang='lat' dir='ltr'><strong>inter</strong></span> <span class='ocrx_word' id='word_1_176' title='bbox 323 2579 482 2650; x_wconf 82' lang='lat' dir='ltr'><strong>utramque</strong></span> <span class='ocrx_word' id='word_1_177' title='bbox 509 2571 603 2630; x_wconf 83' lang='lat' dir='ltr'><strong>aciem</strong></span> <span class='ocrx_word' id='word_1_178' title='bbox 631 2580 833 2647; x_wconf 80' lang='lat' dir='ltr'><strong>excurrentes,</strong></span> <span class='ocrx_word' id='word_1_179' title='bbox 853 2566 968 2629; x_wconf 87' lang='lat' dir='ltr'><strong>levibus</strong></span> <span class='ocrx_word' id='word_1_180' title='bbox 988 2566 1077 2626; x_wconf 89' lang='lat' dir='ltr'><strong>armis</strong></span> 
     </span>
     <span class='ocr_line' id='line_1_22' title="bbox 116 2671 1078 2760; baseline -0.003 -25"><span class='ocrx_word' id='word_1_181' title='bbox 116 2679 264 2754; x_wconf 85' lang='lat' dir='ltr'><strong>instructi,</strong></span> <span class='ocrx_word' id='word_1_182' title='bbox 285 2677 423 2760; x_wconf 16' lang='lat' dir='ltr'><strong>rotundo,</strong></span> <span class='ocrx_word' id='word_1_183' title='bbox 437 2688 468 2737; x_wconf 91' lang='lat' dir='ltr'><strong>et</strong></span> <span class='ocrx_word' id='word_1_184' title='bbox 486 2676 544 2739; x_wconf 84' lang='lat' dir='ltr'><strong>levi</strong></span> <span class='ocrx_word' id='word_1_185' title='bbox 566 2689 665 2760; x_wconf 87' lang='lat' dir='ltr'><strong>scuto,</strong></span> <span class='ocrx_word' id='word_1_186' title='bbox 688 2699 766 2760; x_wconf 90' lang='lat' dir='ltr'><strong>quae</strong></span> <span class='ocrx_word' id='word_1_187' title='bbox 786 2696 892 2760; x_wconf 86' lang='lat' dir='ltr'><strong>parma</strong></span> <span class='ocrx_word' id='word_1_188' title='bbox 906 2671 1078 2752; x_wconf 82' lang='lat' dir='ltr'><strong>dicebatur,</strong></span> 
     </span>
     <span class='ocr_line' id='line_1_23' title="bbox 116 2779 1077 2869; baseline -0.005 -26"><span class='ocrx_word' id='word_1_189' title='bbox 116 2782 230 2864; x_wconf 74' lang='lat' dir='ltr'><strong>gladio,</strong></span> <span class='ocrx_word' id='word_1_190' title='bbox 250 2784 325 2867; x_wconf 89' lang='lat' dir='ltr'><strong>pilo,</strong></span> <span class='ocrx_word' id='word_1_191' title='bbox 351 2796 385 2845; x_wconf 92' lang='lat' dir='ltr'><strong>ut</strong></span> <span class='ocrx_word' id='word_1_192' title='bbox 409 2787 451 2846; x_wconf 87' lang='lat' dir='ltr'><strong>ait</strong></span> <span class='ocrx_word' id='word_1_193' title='bbox 476 2784 637 2865; x_wconf 90' lang='lat' dir='ltr'><strong>Polybius,</strong></span> <span class='ocrx_word' id='word_1_194' title='bbox 662 2785 810 2869; x_wconf 88' lang='lat' dir='ltr'><strong>proelium</strong></span> <span class='ocrx_word' id='word_1_195' title='bbox 838 2779 1077 2844; x_wconf 78' lang='lat' dir='ltr'><strong>committebant:</strong></span> 
     </span>
     <span class='ocr_line' id='line_1_24' title="bbox 114 2886 1079 2976; baseline -0.004 -25"><span class='ocrx_word' id='word_1_196' title='bbox 114 2910 188 2952; x_wconf 82' lang='lat' dir='ltr'><strong>mox</strong></span> <span class='ocrx_word' id='word_1_197' title='bbox 208 2891 397 2971; x_wconf 83' lang='lat' dir='ltr'><strong>recedentes,</strong></span> <span class='ocrx_word' id='word_1_198' title='bbox 417 2893 518 2953; x_wconf 89' lang='lat' dir='ltr'><strong>locum</strong></span> <span class='ocrx_word' id='word_1_199' title='bbox 540 2894 672 2955; x_wconf 86' lang='lat' dir='ltr'><strong>certandi</strong></span> <span class='ocrx_word' id='word_1_200' title='bbox 685 2893 853 2976; x_wconf 76' lang='lat' dir='ltr'><strong>legionariis</strong></span> <span class='ocrx_word' id='word_1_201' title='bbox 867 2890 986 2953; x_wconf 81' lang='lat' dir='ltr'><strong>dabant.</strong></span> <span class='ocrx_word' id='word_1_202' title='bbox 1008 2886 1079 2948; x_wconf 62' lang='lat' dir='ltr'><strong>Ma</strong></span> 
     </span>
     <span class='ocr_line' id='line_1_25' title="bbox 114 2995 1079 3085; baseline -0.007 -24"><span class='ocrx_word' id='word_1_203' title='bbox 114 3014 173 3061; x_wconf 85' lang='lat' dir='ltr'><strong>nut.</strong></span> <span class='ocrx_word' id='word_1_204' title='bbox 188 3002 268 3060; x_wconf 88' lang='lat' dir='ltr'><strong>Tum</strong></span> <span class='ocrx_word' id='word_1_205' title='bbox 284 3000 462 3061; x_wconf 75' lang='lat' dir='ltr'><strong>Maurorum</strong></span> <span class='ocrx_word' id='word_1_206' title='bbox 475 3003 636 3085; x_wconf 84' lang='lat' dir='ltr'><strong>equitibus,</strong></span> <span class='ocrx_word' id='word_1_207' title='bbox 652 3005 722 3084; x_wconf 86' lang='lat' dir='ltr'><strong>quia</strong></span> <span class='ocrx_word' id='word_1_208' title='bbox 735 3001 830 3062; x_wconf 86' lang='lat' dir='ltr'><strong>multo</strong></span> <span class='ocrx_word' id='word_1_209' title='bbox 844 3000 980 3080; x_wconf 85' lang='lat' dir='ltr'><strong>superior</strong></span> <span class='ocrx_word' id='word_1_210' title='bbox 994 2995 1079 3076; x_wconf 89' lang='lat' dir='ltr'><strong>equi-</strong></span> 
     </span>
     <span class='ocr_line' id='line_1_26' title="bbox 114 3102 1076 3191; baseline -0.008 -23"><span class='ocrx_word' id='word_1_211' title='bbox 114 3118 179 3168; x_wconf 91' lang='lat' dir='ltr'><strong>tatu</strong></span> <span class='ocrx_word' id='word_1_212' title='bbox 199 3110 344 3169; x_wconf 76' lang='lat' dir='ltr'><strong>Antonius</strong></span> <span class='ocrx_word' id='word_1_213' title='bbox 364 3119 436 3169; x_wconf 82' lang='lat' dir='ltr'><strong>erat.</strong></span> <span class='ocrx_word' id='word_1_214' title='bbox 457 3109 505 3169; x_wconf 79' lang='lat' dir='ltr'><strong>Ad</strong></span> <span class='ocrx_word' id='word_1_215' title='bbox 532 3131 601 3169; x_wconf 89' lang='lat' dir='ltr'><strong>eum</strong></span> <span class='ocrx_word' id='word_1_216' title='bbox 629 3109 730 3191; x_wconf 87' lang='lat' dir='ltr'><strong>paullo</strong></span> <span class='ocrx_word' id='word_1_217' title='bbox 757 3118 824 3168; x_wconf 87' lang='lat' dir='ltr'><strong>ante</strong></span> <span class='ocrx_word' id='word_1_218' title='bbox 849 3106 907 3166; x_wconf 91' lang='lat' dir='ltr'><strong>hoc</strong></span> <span class='ocrx_word' id='word_1_219' title='bbox 927 3102 1076 3185; x_wconf 87' lang='lat' dir='ltr'><strong>proelium</strong></span> 
     </span>
     <span class='ocr_line' id='line_1_27' title="bbox 116 3209 1074 3297; baseline -0.007 -24"><span class='ocrx_word' id='word_1_220' title='bbox 116 3217 230 3295; x_wconf 84' lang='lat' dir='ltr'><strong>equites</strong></span> <span class='ocrx_word' id='word_1_221' title='bbox 252 3217 353 3277; x_wconf 88' lang='lat' dir='ltr'><strong>Celtae</strong></span> <span class='ocrx_word' id='word_1_222' title='bbox 374 3237 391 3275; x_wconf 93' lang='lat' dir='ltr'><strong>a</strong></span> <span class='ocrx_word' id='word_1_223' title='bbox 412 3217 537 3276; x_wconf 86' lang='lat' dir='ltr'><strong>Caesare</strong></span> <span class='ocrx_word' id='word_1_224' title='bbox 565 3216 737 3277; x_wconf 80' lang='lat' dir='ltr'><strong>defecerunt</strong></span> <span class='ocrx_word' id='word_1_225' title='bbox 756 3214 837 3297; x_wconf 92' lang='lat' dir='ltr'><strong>(Dio</strong></span> <span class='ocrx_word' id='word_1_226' title='bbox 863 3210 975 3290; x_wconf 89' lang='lat' dir='ltr'><strong>XLVI,</strong></span> <span class='ocrx_word' id='word_1_227' title='bbox 1002 3209 1074 3287; x_wconf 83' lang='lat'><strong>37).</strong></span> 
     </span>
     <span class='ocr_line' id='line_1_28' title="bbox 115 3315 1073 3404; baseline -0.009 -22"><span class='ocrx_word' id='word_1_228' title='bbox 115 3323 213 3382; x_wconf 86' lang='lat' dir='ltr'><strong>Mauri</strong></span> <span class='ocrx_word' id='word_1_229' title='bbox 234 3334 264 3383; x_wconf 88' lang='lat' dir='ltr'><strong>et</strong></span> <span class='ocrx_word' id='word_1_230' title='bbox 283 3323 429 3383; x_wconf 85' lang='lat' dir='ltr'><strong>Numidae</strong></span> <span class='ocrx_word' id='word_1_231' title='bbox 450 3326 581 3404; x_wconf 88' lang='lat' dir='ltr'><strong>aequites</strong></span> <span class='ocrx_word' id='word_1_232' title='bbox 601 3326 729 3382; x_wconf 85' lang='lat' dir='ltr'><strong>maxime</strong></span> <span class='ocrx_word' id='word_1_233' title='bbox 755 3316 948 3396; x_wconf 69' lang='lat' dir='ltr'><strong>formidandi,</strong></span> <span class='ocrx_word' id='word_1_234' title='bbox 975 3315 1073 3377; x_wconf 84' lang='lat' dir='ltr'><strong>Hero-</strong></span> 
     </span>
     <span class='ocr_line' id='line_1_29' title="bbox 115 3429 309 3512; baseline -0.005 -23"><span class='ocrx_word' id='word_1_235' title='bbox 115 3430 192 3490; x_wconf 91' lang='lat' dir='ltr'><strong>dian.</strong></span> <span class='ocrx_word' id='word_1_236' title='bbox 213 3431 241 3512; x_wconf 94' lang='lat' dir='ltr'><strong>l,</strong></span> <span class='ocrx_word' id='word_1_237' title='bbox 267 3429 309 3490; x_wconf 85' lang='grc'><strong>15.</strong></span> 
     </span>
    </p>

    <p class='ocr_par' dir='ltr' id='par_1_8' title="bbox 80 3536 522 3619">
     <span class='ocr_line' id='line_1_30' title="bbox 80 3536 522 3619; baseline 0.009 -25"><span class='ocrx_word' id='word_1_238' title='bbox 80 3536 114 3598; x_wconf 83' lang='grc'><strong>15</strong></span> <span class='ocrx_word' id='word_1_239' title='bbox 133 3538 180 3596; x_wconf 91' lang='lat' dir='ltr'><strong>De</strong></span> <span class='ocrx_word' id='word_1_240' title='bbox 200 3538 225 3596; x_wconf 86' lang='lat' dir='ltr'>F</span> <span class='ocrx_word' id='word_1_241' title='bbox 227 3558 306 3598; x_wconf 89' lang='lat' dir='ltr'><strong>rane.</strong></span> <span class='ocrx_word' id='word_1_242' title='bbox 326 3538 522 3619; x_wconf 77' lang='lat' dir='ltr'><strong>aliqrurntum.</strong></span> 
     </span>
    </p>

    <p class='ocr_par' dir='ltr' id='par_1_9' title="bbox 79 3638 1075 3923">
     <span class='ocr_line' id='line_1_31' title="bbox 79 3638 1074 3728; baseline -0.006 -26"><span class='ocrx_word' id='word_1_243' title='bbox 79 3643 114 3703; x_wconf 89' lang='grc'><strong>16</strong></span> <span class='ocrx_word' id='word_1_244' title='bbox 135 3645 168 3704; x_wconf 91' lang='lat' dir='ltr'><strong>ln</strong></span> <span class='ocrx_word' id='word_1_245' title='bbox 187 3643 364 3725; x_wconf 72' lang='lat' dir='ltr'><strong>hunnorum,</strong></span> <span class='ocrx_word' id='word_1_246' title='bbox 387 3657 419 3705; x_wconf 91' lang='lat' dir='ltr'><strong>ut</strong></span> <span class='ocrx_word' id='word_1_247' title='bbox 441 3649 481 3704; x_wconf 90' lang='lat' dir='ltr'><strong>ita</strong></span> <span class='ocrx_word' id='word_1_248' title='bbox 501 3656 622 3728; x_wconf 87' lang='lat' dir='ltr'><strong>pectore</strong></span> <span class='ocrx_word' id='word_1_249' title='bbox 650 3665 710 3704; x_wconf 87' lang='lat' dir='ltr'><strong>non</strong></span> <span class='ocrx_word' id='word_1_250' title='bbox 738 3644 853 3703; x_wconf 89' lang='lat' dir='ltr'><strong>munito</strong></span> <span class='ocrx_word' id='word_1_251' title='bbox 877 3638 1074 3720; x_wconf 78' lang='lat' dir='ltr'><strong>intelligerent</strong></span> 
     </span>
     <span class='ocr_line' id='line_1_32' title="bbox 114 3744 1075 3835; baseline -0.005 -26"><span class='ocrx_word' id='word_1_252' title='bbox 114 3753 237 3831; x_wconf 83' lang='lat' dir='ltr'><strong>tirones,</strong></span> <span class='ocrx_word' id='word_1_253' title='bbox 258 3773 307 3812; x_wconf 87' lang='lat' dir='ltr'><strong>me</strong></span> <span class='ocrx_word' id='word_1_254' title='bbox 328 3755 456 3812; x_wconf 65' lang='lat' dir='ltr'><strong>emicunt</strong></span> <span class='ocrx_word' id='word_1_255' title='bbox 471 3765 501 3813; x_wconf 92' lang='lat' dir='ltr'><strong>et</strong></span> <span class='ocrx_word' id='word_1_256' title='bbox 515 3774 637 3815; x_wconf 79' lang='lat' dir='ltr'><strong>suarmn</strong></span> <span class='ocrx_word' id='word_1_257' title='bbox 657 3756 787 3835; x_wconf 88' lang='lat' dir='ltr'><strong>partium</strong></span> <span class='ocrx_word' id='word_1_258' title='bbox 809 3771 887 3832; x_wconf 83' lang='lat' dir='ltr'><strong>esse,</strong></span> <span class='ocrx_word' id='word_1_259' title='bbox 910 3759 941 3811; x_wconf 88' lang='lat' dir='ltr'><strong>et</strong></span> <span class='ocrx_word' id='word_1_260' title='bbox 961 3746 999 3807; x_wconf 93' lang='lat' dir='ltr'><strong>ab</strong></span> <span class='ocrx_word' id='word_1_261' title='bbox 1020 3744 1075 3807; x_wconf 91' lang='lat' dir='ltr'><strong>illis</strong></span> 
     </span>
     <span class='ocr_line' id='line_1_33' title="bbox 114 3857 730 3923; baseline 0.005 -6"><span class='ocrx_word' id='word_1_262' title='bbox 114 3857 185 3919; x_wconf 88' lang='lat' dir='ltr'><strong>nibil</strong></span> <span class='ocrx_word' id='word_1_263' title='bbox 206 3859 274 3919; x_wconf 88' lang='lat' dir='ltr'><strong>mali</strong></span> <span class='ocrx_word' id='word_1_264' title='bbox 294 3871 436 3921; x_wconf 85' lang='lat' dir='ltr'><strong>metuere.</strong></span> <span class='ocrx_word' id='word_1_265' title='bbox 459 3861 505 3921; x_wconf 94' lang='lat' dir='ltr'><strong>Io.</strong></span> <span class='ocrx_word' id='word_1_266' title='bbox 528 3861 579 3921; x_wconf 84' lang='lat' dir='ltr'><strong>Fr.</strong></span> <span class='ocrx_word' id='word_1_267' title='bbox 602 3861 730 3923; x_wconf 80' lang='lat' dir='ltr'><strong>Grunov.</strong></span> 
     </span>
    </p>

    <p class='ocr_par' dir='ltr' id='par_1_10' title="bbox 79 3965 1075 4049">
     <span class='ocr_line' id='line_1_34' title="bbox 79 3965 1075 4049; baseline -0.005 -25"><span class='ocrx_word' id='word_1_268' title='bbox 79 3986 112 4044; x_wconf 88' lang='lat'><strong>¹7</strong></span> <span class='ocrx_word' id='word_1_269' title='bbox 136 3965 201 4025; x_wconf 87' lang='lat' dir='ltr'><strong>lloc</strong></span> <span class='ocrx_word' id='word_1_270' title='bbox 215 3988 274 4028; x_wconf 90' lang='lat' dir='ltr'><strong>non</strong></span> <span class='ocrx_word' id='word_1_271' title='bbox 288 3965 365 4027; x_wconf 86' lang='lat' dir='ltr'><strong>bene</strong></span> <span class='ocrx_word' id='word_1_272' title='bbox 384 3966 520 4029; x_wconf 87' lang='lat' dir='ltr'><strong>additum</strong></span> <span class='ocrx_word' id='word_1_273' title='bbox 535 3991 611 4049; x_wconf 86' lang='lat' dir='ltr'><strong>esse,</strong></span> <span class='ocrx_word' id='word_1_274' title='bbox 625 3972 720 4030; x_wconf 80' lang='lat' dir='ltr'><strong>risum</strong></span> <span class='ocrx_word' id='word_1_275' title='bbox 735 3979 779 4033; x_wconf 82' lang='lat' dir='ltr'><strong>est</strong></span> <span class='ocrx_word' id='word_1_276' title='bbox 791 3967 944 4047; x_wconf 85' lang='lat' dir='ltr'><strong>Ernestio,</strong></span> <span class='ocrx_word' id='word_1_277' title='bbox 964 3983 1075 4045; x_wconf 86' lang='lat' dir='ltr'><strong>quum,</strong></span> 
     </span>
    </p>
   </div>
   <div class='ocr_carea' id='block_1_5' title="bbox 0 0 1316 4830">
    <p class='ocr_par' dir='ltr' id='par_1_11' title="bbox 0 0 1316 4830">
     <span class='ocr_line' id='line_1_35' title="bbox 0 0 1316 4830; baseline 0 0"><span class='ocrx_word' id='word_1_278' title='bbox 0 0 1316 4830; x_wconf 95' lang='lat' dir='ltr'><strong> </strong></span> 
     </span>
    </p>
   </div>
  </div>
 </body>
</html>
