2624 4830
477 426 509 472 iu
538 424 717 474 nrisroms
1025 408 1092 504 441

132 538 198 588 rent
219 527 297 588 diem
320 529 473 588 auctionis.
494 528 573 588 luftu
594 531 624 588 in
644 528 741 590 tribus
761 530 870 591 Ambb.
892 543 922 592 et
941 535 1012 595 Rea
1023 555 1095 616 pm·

133 638 255 709 lantrat,
278 647 307 697 et
327 637 499 697 veniendum
521 637 649 718 intellige
670 640 806 699 Romam.

92 767 132 805 20
154 747 187 805 ln
208 757 378 805 nostrorum
399 756 492 827 quatt.
513 748 760 829 obtemperaverit.

92 875 127 912 21
152 856 270 935 Legatis
292 855 324 914 C.
346 854 463 914 Calvisii
483 853 551 937 (ep.
573 854 751 934 Dcccxtt,
778 857 827 937 ι),
848 877 902 939 per
922 877 998 938 quos
1019 857 1094 917 Atri-

132 983 197 1023 cam
210 964 392 1044 provinciam
407 962 512 1023 absens
532 967 595 1044 regi
610 963 743 1042 volebat,
758 962 897 1024 traditam
912 964 967 1025 sibi
982 964 1021 1025 ab
1036 967 1098 1026 An·

132 1075 224 1132 tonio.
247 1070 372 1130 Lallem.
395 1071 477 1130 Tum
498 1071 584 1130 valde
606 1072 714 1144 laudo,
736 1072 819 1154 quod
832 1072 949 1133 lictores
961 1073 1017 1134 illis
1030 1073 1099 1135 ade-

133 1180 230 1238 meris.
252 1179 369 1239 Manat.

93 1306 133 1369 aa
155 1285 272 1345 Primus
292 1285 408 1347 addidit
427 1287 579 1347 Manutius
592 1287 676 1367 digni
695 1291 747 1348 sic:
769 1290 877 1350 honora
898 1291 976 1352 enim
1001 1274 1096 1368 digni,

137 1415 205 1453 cum
219 1393 342 1475 Lamb.3
364 1415 419 1454 nec
441 1394 541 1455 delere
562 1398 764 1456 sustinuerunt
777 1396 944 1479 Eturamina,
966 1395 1099 1455 Olivetus

134 1512 163 1561 ct
175 1501 298 1583 Schiitz3
314 1502 398 1563 facile
412 1503 566 1564 subaudiri
582 1516 686 1586 potest
708 1505 779 1565 Mox
793 1526 895 1568 omnes
912 1504 973 1565 fere
987 1502 1096 1566 Ambb.

131 1610 202 1669 Rea.
224 1621 254 1669 et
275 1610 320 1669 ed.
341 1611 422 1671 Med.
443 1632 503 1671 eos.

90 1717 129 1775 23
153 1717 224 1777 Cod.
245 1721 316 1779 Rec.
336 1718 438 1779 eodem
460 1719 525 1801 ipso
547 1719 612 1792 cue,-
635 1720 681 1781 ed.
703 1720 783 1780 Med.
806 1720 909 1781 eodem
930 1736 1067 1802 ternpore.
1160 1763 1165 1772 =

487 2040 702 2102 ncccxxttt.

98 2279 108 2316 i
134 2258 181 2317 De
202 2257 307 2340 Lepidi
328 2255 396 2316 fide.

92 2385 112 2423 α
135 2364 182 2425 Ad
201 2367 357 2427 Mutinam.
385 2365 434 2424 Sic
454 2375 484 2425 et
504 2364 579 2426 infra
599 2380 627 2426 re
647 2365 778 2437 incurso,
806 2363 936 2446 intellige
962 2364 1099 2446 Mutiust

136 2495 203 2555 epp.
224 2473 389 2550 Decclx,
408 2472 593 2533 DCCCXIV.

94 2581 113 2638 3
136 2581 170 2640 ld
192 2583 288 2663 ipsum
310 2584 368 2640 iam
390 2584 419 2639 in
441 2602 486 2663 ep.
507 2581 741 2642 DCCLXXXll.
764 2582 798 2641 ln
819 2580 916 2640 verbis
927 2579 1022 2660 fimes
1042 2577 1100 2639 dat·

135 2711 183 2748 res
205 2688 380 2748 Ciceronem
401 2710 432 2748 se
452 2692 549 2771 ipsum
564 2690 680 2751 occulte
695 2687 852 2770 significari
867 2690 1005 2750 viderunt
1019 2687 1098 2750 Man.

137 2807 167 2856 et
187 2797 372 2872 Quarterius.

94 2905 237 2979 pouam
260 2925 316 2983 ego
338 2903 453 2986 dicere,
474 2915 526 2965 aut
546 2905 701 2968 consulere
723 2909 840 2989 possim.

93 3011 114 3072 5
137 3012 310 3071 Gratiarum
331 3015 463 3093 actione,
483 3012 542 3073 scil.
564 3011 603 3074 de
623 3016 746 3076 victoria
767 3014 938 3074 Mutinensi.

93 3117 116 3177 6
136 3118 208 3179 Era.
230 3117 326 3180 XIII.

490 3332 708 3397 ncccxxtv.

92 3516 110 3609 va
138 3551 214 3610 Rem
228 3570 298 3609 sane
313 3551 419 3609 miram
433 3561 463 3610 et
477 3571 495 3609 a
509 3548 643 3609 moribus
657 3546 861 3631 praesentibus
875 3545 1103 3627 abhorrentem,

136 3660 366 3740 imperatorem,
379 3680 474 3740 quum
489 3658 664 3738 gravissimis
678 3654 821 3718 derebus
835 3645 874 3717 ad
887 3667 1021 3718 senatum
1035 3659 1104 3718 aori·

137 3763 206 3842 bat,
228 3766 381 3847 epistolam
402 3767 486 3826 alteri
508 3764 750 3826 commutandam
765 3764 901 3847 trader03
922 3767 974 3826 nisi
989 3776 1104 3827 consm-

137 3884 201 3950 ret‚
228 3885 339 3953 quanta
367 3877 397 3934 in
423 3877 625 3936 aestimatione
652 3874 757 3934 Cicero
781 3873 864 3958 apud
888 3894 992 3935 omnes
1019 3884 1094 3934 esset

139 3980 280 4040 Ceterum
302 3983 447 4064 intelligo,
467 3988 588 4044 mutatis
609 3981 722 4063 verbis,
744 3984 887 4044 sententia
907 3991 1090 4042 conservata.
