2624 4830
86 434 132 482 nn.
150 434 175 479 nr
194 434 225 480 a.
243 445 290 495 μα
434 434 591 485 serrant
618 438 688 486 xxr.
989 414 1062 518 339

58 559 127 603 non
151 537 181 604 ν’
193 558 248 602 era
269 549 376 625 tacco,
399 540 433 603 in
455 536 564 606 Irziot
578 539 747 632 qnalcona.
774 541 816 605 La
837 551 922 607 sorte
937 538 971 607 di
986 566 1063 634 que-

58 657 109 713 sta
130 669 260 733 guerra,
282 671 315 713 se
338 670 428 715 come
451 649 484 715 in
508 651 607 741 tempi
629 648 732 738 felini,
747 672 800 715 era
816 653 1015 744 caseaticoia3
1029 677 1063 720 so

59 777 152 821 come
173 757 207 821 in
231 757 330 848 tempi
344 758 509 848 scismati,
522 757 641 825 buona.
666 761 711 825 La
725 756 920 854 Repubblina
935 784 989 826 era
1004 763 1064 830 rit·

60 867 197 953 toriosa,
220 864 300 932 satta
323 888 397 931 man
420 867 510 934 bassa
533 865 614 935 delle
637 879 754 960 truppe
777 865 968 958 d'Antonio‚
983 895 1001 936 e
1016 867 1062 939 lui

59 987 157 1042 stesso
179 973 325 1042 ssrattato
341 974 383 1042 da
399 979 505 1044 Bruto.
529 978 569 1044 Di
592 980 647 1070 poi
664 978 745 1045 tanti
761 981 883 1071 peccati
898 982 924 1046 si
939 979 1062 1068 fenero,

60 1082 120 1150 che
144 1083 180 1150 su
196 1108 213 1149 a
229 1109 274 1151 un
297 1084 370 1177 pelo
385 1082 418 1151 di
433 1089 596 1180 scapparoi
612 1082 645 1153 di
661 1111 758 1154 mano
771 1084 804 1154 la
820 1090 963 1177 vittonia3
979 1091 990 1154 i
1006 1113 1064 1156 no·

59 1195 117 1260 stri
141 1196 280 1285 capitani
302 1219 368 1262 non
391 1199 593 1283 inseguirono
617 1194 713 1288 quelli
736 1199 906 1287 sbigottiti‚
933 1201 1064 1285 inermi,

60 1306 242 1371 smozzicati
258 1302 290 1394 ⁵3
314 1330 331 1372 e
353 1308 380 1373 si
409 1305 461 1373 dia
490 1309 561 1394 agio
585 1319 608 1374 a'
629 1306 748 1400 Lepido
778 1305 821 1374 da
847 1307 925 1375 sarci
955 1319 1063 1378 roccas

60 1435 124 1480 oon
146 1437 241 1481 mano
265 1411 295 1480 la
319 1439 376 1481 sua
397 1414 577 1502 leggereaza
601 1421 649 1506 (sl
671 1432 801 1484 sorents
824 1421 1005 1506 osserrata)
1028 1418 1063 1487 in

61 1521 161 1589 dauni
191 1527 247 1616 piir
277 1529 364 1612 gravi
379 1523 403 1592 ⁶.
431 1529 529 1594 Bruto
557 1552 575 1593 e
602 1525 719 1595 Planco
748 1527 857 1597 hanno
888 1527 938 1597 de'
961 1527 1063 1595 buoni

58 1614 200 1722 narsiti,
224 1658 276 1700 ma
299 1638 447 1728 inesperti
463 1649 487 1702 7.
512 1635 564 1706 Gli
588 1639 667 1704 ainti
690 1634 739 1704 de'
756 1635 839 1704 Galli
863 1659 943 1703 sono
967 1633 1063 1703 fedeli

59 1766 80 1808 a
103 1755 187 1809 tutta
210 1767 309 1836 prora
332 1769 350 1811 e
373 1744 579 1831 grandissimi.
603 1749 657 1812 Ma
681 1748 807 1833 cesare,
832 1745 877 1812 fin
900 1769 957 1812 ora
980 1744 1061 1812 fatto

59 1864 143 1918 stare
168 1877 186 1918 a
210 1878 306 1939 segno
337 1853 388 1921 da’
410 1859 484 1921 miei
511 1853 658 1944 consigli,
680 1854 826 1923 d’indole
853 1853 1062 1922 recollentes

59 1961 93 2029 di
117 1963 301 2032 miracolosa
331 1980 496 2054 eostansa,
525 1966 559 2032 fo
590 1989 645 2033 ora
673 1963 715 2032 da
739 1963 840 2032 taluni
864 1988 926 2032 oon
949 1963 1062 2031 lettere

59 2072 220 2142 scellerate
248 2101 265 2142 e
293 2100 354 2144 con
384 2077 644 2168 interpretazioni
667 2101 685 2142 e
709 2077 805 2141 nunzi
828 2071 1062 2160 ingaonevolis·

58 2187 130 2250 simi
155 2188 275 2251 aizzato
298 2184 340 2250 ad
363 2210 426 2255 nna
450 2190 553 2254 sioura
573 2209 726 2278 speranza
748 2182 783 2250 di
805 2180 979 2251 consolato.
1003 2180 1061 2249 Del
1128 2228 1131 2236 -

59 2294 119 2360 cho
143 2317 265 2385 appono
289 2293 488 2381 m'addiedi,
512 2321 577 2362 oon
600 2297 708 2387 quetai
731 2292 766 2360 di
789 2291 979 2360 ammooirlo
1003 2317 1061 2385 per

59 2401 169 2471 lettere
193 2418 329 2493 assente,
352 2431 369 2471 a
392 2405 425 2473 di
449 2409 565 2492 garrire
581 2408 592 2471 i
610 2408 679 2472 suoi
703 2406 798 2471 amici
820 2405 977 2497 presenti,
1001 2402 1061 2471 ohe

58 2516 266 2585 sembravano
295 2514 446 2602 soffiargli
479 2518 511 2582 in
539 2513 644 2608 quella
667 2539 723 2582 sua
746 2515 922 2581 bromosiar
952 2517 993 2580 ne
1017 2512 1063 2577 mi

58 2647 117 2691 son
141 2638 306 2692 rattenuto
336 2623 525 2717 dell'aprire
549 2629 580 2691 in
603 2638 713 2692 senato
735 2620 765 2690 le
788 2622 869 2691 fonti
894 2621 928 2688 di
950 2618 1062 2693 scelle-

59 2738 206 2808 ratissimi
229 2734 360 2824 consigli
376 2733 404 2801 ⁸:
430 2761 447 2802 e
471 2760 528 2828 per
550 2738 650 2803 verita
672 2760 739 2803 non
762 2736 806 2802 mi
821 2731 947 2805 ricorda
963 2729 995 2802 di
1011 2756 1062 2798 so·

58 2859 136 2912 nato
160 2843 320 2931 migliore,
343 2870 363 2913 o
386 2844 420 2910 di
443 2844 580 2932 migliori
604 2846 787 2932 magistrati.
820 2841 972 2918 Perlooht
993 2864 1063 2909 non

57 2957 205 3021 incontra
228 2958 291 3021 mai
307 2956 365 3021 che
380 2953 464 3022 nello
480 2955 708 3023 straordioario
731 2978 830 3024 onore
853 2951 939 3021 d’un
963 2974 1062 3021 uomo

57 3075 206 3155 potente,
228 3090 248 3133 o
272 3062 342 3132 ‹liri›
358 3063 472 3150 meglio
489 3067 706 3158 potentissimo
721 3061 861 3153 (dacoha
876 3060 906 3128 la
923 3074 1059 3153 potenza

56 3188 106 3240 sta
129 3173 212 3239 nella
234 3174 322 3242 sorza
338 3201 355 3242 e
369 3174 565 3271 nell'arnri),
587 3199 701 3242 nessnn
725 3174 832 3240 tribuo
849 3169 932 3237 della
950 3167 1061 3261 plebe,

58 3308 193 3350 nrssuoo
218 3286 250 3350 in
274 3283 354 3351 altra
381 3288 498 3370 carica,
528 3309 641 3350 nessnn
672 3285 796 3375 privato
819 3305 885 3351 non
908 3275 1017 3344 sileri
1041 3301 1060 3352 a

56 3391 297 3478 saroreggiarlo
320 3398 373 3460 Ma
396 3420 494 3486 pure,
523 3419 583 3459 con
604 3398 697 3460 ¹tutta
720 3404 831 3484 questa
861 3387 1014 3454 fermezza
1039 3410 1057 3449 e

58 3505 159 3588 girus,
182 3502 213 3568 la
236 3506 313 3571 cittis
336 3528 390 3570 era
413 3507 605 3591 angustiata:
630 3503 833 3595 percioccho,
857 3522 877 3565 0
901 3500 965 3563 mio
982 3499 1058 3562 Bru-

56 3626 107 3697 to,
131 3613 186 3682 noi
209 3616 297 3681 siam,
311 3612 382 3682 fatti
406 3611 552 3681 zimbello
575 3639 592 3679 e
616 3611 700 3679 dalla
723 3609 896 3686 soldatosca
920 3609 952 3681 in
977 3629 1058 3706 puu-
