2624 4830
240 411 306 486 132
540 429 718 506 ⁴aruerunt
745 425 923 478 ncccxxvr.
1006 425 1089 476 nv.
1108 431 1205 491 equo

235 532 412 633 clarissimi
439 531 516 629 viri,
540 558 648 630 quum
672 531 722 604 rei
746 528 907 629 publicae
926 527 1050 602 daoent
1066 555 1232 629 operam,

235 685 364 733 annum
391 656 570 757 petitionis
601 682 685 729 suae
715 681 788 729 non
819 655 982 728 obierunt
998 672 1023 726 9.
1049 655 1159 748 Quod
1184 681 1230 730 eo

233 783 366 858 facibus
394 781 497 855 nobis
529 797 599 880 est,
631 783 726 882 quod
759 808 830 853 non
863 795 917 853 est
942 805 1052 853 annus
1078 780 1137 854 bic
1163 781 1229 855 tibi
1304 854 1307 859 ,

235 909 428 984 destinatus
446 923 492 1007 ¹⁰5
517 923 572 1007 ut,
597 910 626 980 si
644 907 763 980 aedilis
780 907 920 1005 fuisses,
945 921 1028 1008 post
1047 906 1229 980 biennium

235 1050 316 1110 tuus
339 1059 451 1108 annus
475 1048 575 1107 esset.
599 1033 703 1107 Nune
727 1031 813 1105 nibil
837 1033 1115 1134 praetermittere
1134 1032 1230 1106 vide·

234 1159 317 1236 bete
335 1176 363 1212 ¹¹
389 1161 507 1234 usitati
532 1173 568 1232 et
592 1161 690 1262 quasi
722 1159 866 1258 legitimi
900 1159 1068 1258 temporis
1094 1158 1141 1231 ad
1166 1184 1228 1258 pe-

204 1280 207 1284 *
236 1285 390 1360 tendum.
415 1284 531 1360 Video
547 1299 682 1384 autem,
705 1285 839 1359 Planco
855 1282 1014 1382 consule,
1038 1285 1105 1357 etsi
1123 1285 1230 1356 etiam

236 1412 310 1484 aine
326 1436 369 1486 eo
384 1412 538 1485 rationes
563 1411 742 1507 expeditas
761 1410 908 1484 haberes
921 1426 963 1508 ¹²,
980 1423 1098 1483 tamen
1115 1408 1232 1508 splen·

236 1534 405 1610 didiorem
431 1538 635 1637 petitionem
662 1551 774 1633 tuam,
802 1537 831 1609 si
857 1535 965 1639 modo
989 1535 1055 1609 ista
1081 1560 1125 1606 ex
1150 1560 1235 1626 aen·¹

237 1662 344 1734 tentia
370 1661 527 1736 confecta
545 1676 670 1736 essent.
698 1663 852 1736 Omnino
875 1661 975 1762 plura
993 1686 1048 1734 me
1065 1659 1236 1759 scribere,

238 1814 345 1888 quum
371 1801 468 1860 tuum
487 1802 620 1861 tantum
640 1788 824 1862 consilium
841 1787 1081 1888 iudiciumque
1096 1786 1161 1882 sit,
1179 1811 1234 1858 ar-

236 1911 393 1987 bitrabar
409 1939 482 1987 non
502 1915 550 1987 ita
567 1939 708 1987 necesse
728 1919 776 1985 ¹³:
802 1913 865 1987 sed
890 1928 1007 1986 tamen
1023 1911 1232 1985 sententiam

237 2063 350 2112 meam
375 2039 439 2112 tibi
463 2041 619 2138 ignotam
645 2066 720 2113 esse
745 2039 928 2138 nolebam3
953 2039 1050 2111 cuius
1074 2051 1129 2111 est
1146 2036 1232 2109 baec
1265 2128 1273 2134 ³

237 2191 389 2265 summa,
412 2179 452 2239 ut
468 2168 585 2240 omnia
604 2181 639 2239 te
655 2167 769 2239 metiri
788 2166 956 2265 dignitate
973 2143 1109 2262 malim,
1127 2189 1230 2265 quarn

237 2289 445 2390 ambitione,
469 2293 705 2394 maioremque
731 2292 880 2365 fructum
905 2316 1037 2392 ponere
1053 2291 1090 2362 in
1107 2315 1234 2390 perpe·

237 2415 361 2487 tuitate
385 2413 514 2514 laudis,
539 2442 643 2519 quam
662 2419 699 2490 in
717 2416 893 2491 celeritate
917 2429 1108 2518 praeturae.
1136 2415 1232 2487 Haec

239 2539 360 2613 eadem
378 2539 516 2615 locutus
534 2569 611 2616 sum
629 2543 725 2618 domi
750 2570 863 2641 meae,
889 2540 1047 2616 adhibito
1062 2541 1091 2608 ¹4
1110 2543 1156 2632 Q.
1172 2541 1235 2613 sra-

236 2679 289 2737 tre
314 2693 411 2765 meo,
439 2682 476 2741 et
500 2669 668 2767 Caecina,
701 2685 737 2744 et
768 2654 942 2766 Calvisio,
973 2667 1234 2742 studiosissimis

238 2791 311 2889 tui,
343 2820 450 2892 quum
482 2794 691 2892 Dardanus,
726 2794 870 2870 libertus
907 2810 1010 2891 tuus,
1042 2795 1232 2867 interesset.

236 2916 407 2992 Omnibus
432 2920 573 3020 probari
608 2921 793 2996 videbatur
825 2924 938 2997 oratio
972 2946 1057 2993 mea.
1091 2918 1163 2991 Sed
1194 2930 1232 2988 tu

234 3044 368 3146 optime
392 3045 572 3121 iudicabis.

595 3433 877 3508 DCCCXXVII.
983 3472 1035 3531 <na
1051 3472 1103 3516 nn.
1120 3468 1155 3527 x,
1169 3472 1210 3521 n)

231 3599 450 3679 Atgt·’ttre1.1,2m‚
486 3607 611 3682 ttarrn,
637 3611 748 3692 quibus
777 3614 872 3672 causis
901 3609 938 3670 ad
966 3607 1113 3688 Lepidum
1143 3600 1232 3685 proli-

271 3708 408 3773 ciscutuu
