2624 4830
247 416 315 513 ¹24
392 436 564 490 seurota
581 438 767 512 ccccxxrn,
784 433 965 489 ccccxxiv.
1016 433 1048 486 n
1065 432 1101 488 v.
1118 438 1147 487 c.
1165 451 1214 501 ,ιο

239 542 380 619 ferebat.
405 543 523 634 Quare
539 539 643 614 velim
668 538 846 640 equidem,
871 538 909 611 id
934 538 1030 640 quod
1055 565 1178 638 spero,
1197 554 1240 612 uc

238 668 344 771 plane
369 667 525 741 abiectus
547 680 584 740 et
606 665 736 739 fractus
753 665 800 738 sit
814 665 1005 738 Antonius:
1031 664 1086 737 sin
1103 665 1236 768 aliquid

239 796 365 868 sirium
390 793 479 867 sorte
505 790 698 890 collegerit,
729 789 873 888 sentiet,
896 814 963 862 nec
987 791 1124 863 senatui
1149 815 1234 863 con-

240 919 372 1017 silium,
395 945 461 992 nec
486 917 618 1019 populo
635 919 795 992 Romano
813 916 979 990 virtutem
1004 914 1144 1014 deesse,
1170 941 1236 988 nec

239 1046 290 1118 rei
315 1044 492 1146 publicae,
516 1058 551 1117 te
577 1045 677 1143 vivo,
707 1045 962 1144 imperatorem.
988 1041 1134 1115 ΧΠΠο
1159 1040 1235 1114 Kal.

241 1172 316 1244 Iun.

607 1392 868 1497 DCCCXXIV·
970 1435 1022 1494 (aa
1039 1435 1092 1480 mv.
1108 1433 1152 1493 xr,
1171 1434 1213 1491 ιφ)

241 1577 460 1654 Argwnerrtum.
480 1572 534 1634 Rei
554 1571 693 1656 publicae
713 1576 810 1634 vicem
832 1574 931 1632 timet:
954 1571 1131 1632 Vicentinos
1152 1588 1235 1629 com·

281 1681 411 1742 mendat.

395 1905 449 1959 Ser.
467 1902 592 1958 Vercellis
610 1905 641 1957 A.
660 1903 692 1956 V.
709 1903 739 1957 C.
757 1902 865 1969 DCCX,
883 1901 933 1954 xtt
951 1900 1009 1952 Kal.
1028 1899 1087 1952 lun.

269 2096 307 2161 1).
330 2097 483 2162 BRVTVS
508 2097 589 2159 IMP.
614 2095 699 2160 COS.
723 2093 809 2158 Das.
834 2094 864 2156 S.
889 2092 926 2156 D.
951 2091 993 2154 Μ.
1019 2087 1208 2154 CICERONI

169 2318 173 2324 ·
289 2285 345 2356 rld
369 2299 529 2357 senatum
554 2310 641 2384 quas
665 2282 783 2355 literas
802 2280 898 2377 misi,
924 2277 1027 2352 velim
1044 2280 1142 2378 prius
1159 2301 1236 2378 per-

240 2408 350 2509 legas,
375 2425 430 2506 et,
453 2411 484 2481 si
501 2435 569 2510 qna
588 2408 653 2480 tibi
670 2406 901 2506 videbuntur,
918 2418 1114 2478 commutes
1129 2421 1151 2477 ¹.
1168 2402 1238 2477 Nc·

240 2535 389 2608 cessario
418 2511 474 2606 me
506 2536 707 2634 scripsisse,
738 2535 815 2633 ipse
847 2531 1113 2606 animadvertes.
1146 2528 1237 2604 Nam

239 2636 347 2762 quum
364 2662 543 2759 putaremg
567 2673 728 2760 quartam
754 2674 790 2731 et
815 2660 977 2733 Martiam
992 2657 1148 2757 legiones
1165 2679 1236 2728 me·

239 2808 319 2858 curn
345 2785 478 2859 futuras
493 2802 518 2884 ²,
536 2800 577 2858 ut
596 2787 712 2859 Druso
738 2784 931 2889 Paulloque
957 2784 1237 2885 placuerat,vo-

238 2904 293 2984 bis
318 2912 606 2985 assentientibus:
632 2914 747 2986 minus
773 2913 818 2986 de
845 2912 986 3013 reliquis
1012 2909 1116 2984 rebus
1142 2906 1237 2982 labo-

239 3036 388 3110 randum
422 3039 626 3112 existimavi.
658 3039 762 3114 Nunc
797 3064 900 3139 vero,
932 3064 1040 3138 quum
1066 3036 1133 3110 sim
1157 3058 1237 3107 cum

239 3163 412 3238 tironibus
437 3167 683 3265 egentissimis,
710 3166 811 3240 valde
837 3179 874 3240 et
899 3191 1012 3238 meam
1033 3177 1070 3236 et
1087 3174 1237 3236 vestram

239 3292 353 3365 vicem
383 3292 541 3392 timeam,
572 3319 714 3367 necesse
746 3308 808 3367 cst.
834 3292 1021 3367 Vicetini³
1048 3315 1104 3363 me
1129 3302 1167 3362 et
1190 3287 1236 3359 M.

238 3416 386 3491 Brutum
412 3420 599 3521 praecipue
633 3420 831 3494 observant.
864 3421 929 3493 His
961 3443 1006 3492 ne
1040 3442 1145 3518 quam
1178 3437 1238 3514 pa·

113 3536 117 3544 '
240 3540 326 3613 tiare
351 3544 513 3618 iniuriam
538 3548 613 3619 fieri
645 3549 682 3619 in
715 3532 838 3620 senatu
873 3570 1058 3619 vernarum
1091 3535 1237 3635 causei,

242 3688 261 3736 a
288 3677 322 3739 te
348 3684 440 3767 peto.
466 3674 617 3747 Causam
642 3672 774 3749 habent
807 3675 996 3775 optimam,
1021 3671 1175 3745 officium
1199 3667 1236 3739 in

241 3817 316 3864 rem
341 3794 518 3892 publicam
543 3826 735 3900 summum,
768 3828 876 3900 genus
902 3801 1085 3875 hominum
1117 3795 1235 3870 adver·

240 3919 409 3992 sariorum
442 3922 647 3999 seditiosum
680 3944 715 4000 et
748 3929 993 4002 inertissimum
1011 3930 1036 3998 ⁵.
1061 3924 1136 3997 XII
1168 3922 1235 3996 Ka-

196 4118 202 4127 ,
239 4042 330 4117 leud.
357 4046 429 4119 lun.
456 4048 634 4124 Vercellis.
