2624 4830
230 411 278 506 34
530 427 699 482 saturon
725 402 936 474 nccrcrur.⁴
1007 416 1087 470 ur.
1103 419 1134 469 c.
1150 431 1200 482 μ.

228 534 329 631 bam,
352 557 397 603 ua
421 530 459 601 in
484 529 646 600 extremis
679 551 807 622 essem,
839 522 944 623 plane
974 518 1128 620 periculo
1153 546 1226 599 non

229 656 430 732 dubitanter
445 650 528 724 adii.
553 652 737 724 &eurem
753 672 858 746 varo,
881 643 979 748 qood
1000 646 1110 718 mein
1129 659 1227 722 tanta

227 780 383 877 fortuna,
397 775 506 855 modo
525 776 722 874 cognitum,
746 772 1060 847 vetustissimorum
1079 769 1226 846 familia·

227 905 316 980 rium
340 903 420 977 loco
443 896 585 998 habuit,
615 898 719 972 dilexi
753 922 888 971 summa
920 922 999 969 cum
1033 897 1176 997 pietate,
1191 910 1228 972 et

227 1030 306 1104 fide.
340 1031 440 1123 Quae
469 1050 548 1103 mea
580 1027 752 1100 sententia
783 1049 902 1123 gerere
927 1022 1012 1095 mibi
1037 1020 1153 1123 licuit,
1176 1025 1225 1098 ita

227 1155 309 1254 teci,
327 1169 368 1229 ut
384 1156 540 1257 optimus
556 1154 704 1256 quisque
721 1153 871 1224 maxime
887 1149 1047 1250 probarit
1062 1165 1112 1222 ¹⁸:
1126 1149 1226 1252 qnod

226 1282 339 1355 iussim
363 1303 457 1381 oum,
481 1306 525 1355 eo
551 1292 711 1380 tempore
735 1291 843 1379 atque
867 1277 917 1349 ita
943 1275 1009 1350 feci
1028 1279 1068 1376 ¹⁵,
1097 1289 1139 1349 ut
1164 1300 1227 1376 np-

225 1420 380 1508 p'areret‚
403 1405 516 1481 invito
540 1407 751 1506 imperatum
777 1426 861 1478 esse.
894 1401 1002 1477 Cuius
1027 1402 1110 1475 facti
1135 1402 1225 1475 iniu-

226 1524 375 1606 stissima
404 1531 534 1607 invidia
554 1529 584 1599 ¹4
609 1525 746 1605 erudire
779 1556 835 1603 me
870 1529 1007 1631 potuit,
1039 1555 1144 1630 quam
1173 1529 1227 1601 iu·

226 1657 341 1732 cunda
366 1652 521 1759 libertas,
548 1671 584 1731 et
610 1683 714 1759 quam
740 1658 865 1730 misera
891 1654 957 1729 sub
986 1655 1225 1728 dominatione

225 1784 299 1858 vita
323 1796 422 1856 esset
447 1784 517 1882 lta,
539 1781 624 1856 siid
642 1784 772 1881 agitur,
796 1796 837 1855 ut
861 1808 979 1856 rursus
996 1782 1033 1854 in
1050 1792 1225 1882 potestate

224 1910 342 1983 omnia
368 1910 470 1982 unius
495 1910 583 2008 sint5
614 1910 825 2010 quicumque
849 1909 879 1982 is
905 1922 978 2008 est,
1003 1908 1035 1983 ei
1060 1933 1118 1981 me
1144 1930 1226 2007 pro·

223 2034 326 2108 fiteor
349 2036 538 2109 inimicum.
563 2034 637 2109 Nec
663 2033 856 2136 periculum
890 2048 944 2108 est
968 2033 1078 2107 ullum
1084 2089 1097 2134 ‚
1129 2031 1226 2135 quod

223 2186 290 2261 pro
321 2159 481 2235 libertate
514 2174 576 2234 aut
604 2161 773 2260 refugiam
793 2165 822 2212 ¹⁵
850 2174 911 2234 aut
944 2145 1122 2262 deprecer.
1157 2157 1226 2232 Sed

225 2285 384 2358 consules
404 2289 433 2337 ¹⁶
459 2312 573 2386 neque
599 2301 739 2360 senatus
765 2287 945 2386 consulto,
976 2312 1092 2390 neque
1117 2285 1225 2359 literis

223 2424 475 2511 praeceperant
492 2411 579 2482 mihi
590 2467 600 2508 ,
625 2411 711 2511 quid
728 2413 886 2486 facerem.
912 2414 1012 2487 Vnas
1032 2415 1126 2486 euim
1144 2425 1225 2513 post

223 2534 308 2610 Idus
332 2537 476 2610 Martias
509 2536 650 2609 demum
677 2564 697 2610 a
722 2540 837 2613 Pansa
863 2539 980 2613 literas
1013 2538 1158 2639 accepi,
1186 2540 1225 2611 in

224 2659 350 2763 quibus
374 2660 535 2734 bortatur
567 2688 640 2759 me,
672 2678 713 2735 ut
745 2667 881 2738 senatui
913 2663 1083 2762 scribam,
1107 2677 1225 2738 meet

223 2786 415 2860 exercitum
431 2788 469 2861 in
486 2802 662 2887 potestate
686 2793 761 2863 eius
787 2792 950 2865 sutorum.
977 2789 1098 2889 Quod,
1116 2816 1223 2894 quum

222 2912 377 3013 Lepidus
403 2918 690 3015 concionaretur,
716 2929 820 3019 atque
853 2917 1015 2992 omnibus
1039 2902 1225 3011 scriberet,

223 3065 260 3111 se
294 3042 490 3114 consentire
523 3068 602 3115 cum
628 3045 799 3142 Antonio,
832 3047 980 3117 maxime
1008 3045 1223 3119 contrarium

222 3164 288 3239 suit
306 3182 345 3238 ¹⁷.
371 3167 460 3242 Nam
480 3167 606 3270 quibus
624 3171 895 3270 commeatibus,
919 3171 1031 3245 invito
1055 3168 1135 3271 illo,
1159 3195 1231 3273 per,

221 3289 312 3366 illius
337 3295 557 3394 provinciam
577 3297 606 3346 ¹⁸
633 3295 788 3394 legiones
806 3296 991 3372 ducerem?
1014 3312 1095 3397 aut,
1117 3301 1150 3372 si
1168 3323 1221 3372 ce·

221 3431 295 3492 tera
320 3423 536 3519 transissem,
561 3448 645 3495 num
672 3425 775 3498 etiam
793 3424 901 3526 Alpes
922 3439 1083 3526 poteram
1109 3439 1222 3499 trans·

221 3541 358 3643 rolare,
382 3571 471 3650 qnae
496 3546 671 3647 praesidio
695 3550 787 3654 illius
812 3550 996 3623 tenentnrl
1013 3550 1117 3624 Adde
1133 3550 1221 3647 buc,

221 3668 317 3771 quod
341 3672 484 3771 perferri
511 3671 635 3748 literae
667 3675 760 3749 nulla
787 3677 991 3752 conditione
1016 3689 1219 3777 potuerunt.

221 3795 399 3871 Sexcentis
428 3800 526 3872 euim
557 3800 644 3876 locis
678 3805 920 3904 excutiuntur,
952 3802 1080 3878 deinde
1114 3805 1218 3877 etiam

220 3924 413 4009 retinentur
431 3953 449 3999 a
466 3922 601 4027 Lepido
629 3927 804 4005 tabellarii.
832 3930 923 4006 Illud
947 3959 1003 4007 me
1029 3929 1216 4008 Cordubae
