2624 4830
234 416 306 491 352
572 436 740 486 rrisrunt
767 439 866 487 xxm.
1013 437 1042 486 t.
1058 439 1094 487 v.
1113 442 1142 487 c.
1162 447 1210 501 ,ιο

234 540 443 616 liberandae.
470 543 591 637 Longa
619 554 716 636 suin,
742 565 830 642 quae
858 553 988 611 restant
1008 553 1234 640 praetereun-

236 668 297 743 da:
331 681 413 740 sunt
445 667 537 738 enim
571 665 615 737 de
650 691 722 737 me:
756 680 892 739 tantum
925 666 1023 764 dicu,
1048 668 1233 740 Caesarem

234 795 329 870 hunc
355 793 630 889 adolescentem,
659 818 722 891 per
755 820 858 893 quem
893 791 1008 864 adlmc
1041 819 1178 892 sumus,
1203 795 1232 866 si

234 946 356 996 verum
381 920 481 993 fateri
507 916 685 1017 volumus,
714 916 852 991 fluxisse
878 946 920 991 ex
946 918 1042 992 sonte
1068 919 1231 994 consilio-

193 1056 195 1061 ’
232 1075 312 1122 rum
338 1072 504 1121 meorum.
531 1044 622 1117 Huic
640 1042 750 1117 habiti
769 1071 787 1116 a
807 1071 863 1117 me
880 1046 1032 1119 honores
1049 1044 1137 1118 nulli
1158 1050 1233 1148 qui·

234 1173 333 1272 dem,
356 1172 480 1270 Brute,
505 1171 571 1243 nisi
597 1170 723 1269 debiti3
749 1170 853 1270 nulli,
878 1174 945 1244 nisi
971 1173 1164 1245 necessarii.
1184 1174 1232 1246 Vt

232 1301 329 1374 enim
345 1300 497 1399 primum
514 1296 712 1369 libertatem
730 1323 894 1370 revocare
913 1299 1108 1398 coepimus,
1125 1325 1233 1400 quum

234 1450 272 1500 ae
296 1425 454 1499 nondum
480 1450 525 1497 ne
550 1425 687 1497 Decimi
710 1423 852 1524 quidem
869 1425 968 1497 Bruti
987 1425 1105 1498 divina
1123 1426 1233 1499 virtus

232 1552 282 1625 ita
300 1553 565 1649 commovisset,
592 1551 716 1622 utiam
733 1550 771 1622 id
789 1550 876 1623 scire
902 1577 1084 1651 possemus
1092 1580 1103 1650 3
1127 1566 1232 1654 atque
1300 1644 1302 1649 Ι

233 1703 339 1752 omne
364 1677 575 1779 praesidium
599 1692 690 1751 esset
713 1679 751 1749 in
776 1704 904 1778 puero⁷
921 1680 981 1780 qui
999 1704 1017 1751 a
1037 1679 1231 1753 cervicibus

232 1805 362 1879 nostris
394 1804 576 1877 avertisset
600 1804 809 1877 Antonium:
843 1805 920 1906 quis
953 1803 1066 1877 honos
1098 1805 1131 1876 ei
1160 1830 1231 1878 nun

232 1930 298 2004 tuit
330 1929 592 2004 decernendus?
619 1931 840 2032 Quamquam
875 1957 940 2029 ego
973 1931 1021 2002 illi
1053 1946 1128 2004 tum
1156 1957 1231 2005 ver·

231 2055 357 2131 borum
382 2057 523 2131 laudem
549 2059 674 2157 tribui,
699 2085 846 2160 eamque
872 2058 1056 2131 modicam.
1082 2061 1229 2132 Decrevi

232 2186 337 2256 etiam
362 2187 565 2284 imperium:
598 2185 693 2286 quod
727 2212 939 2288 quamquam
972 2184 1157 2260 ridebatur
1180 2185 1230 2258 illi

231 2311 338 2383 aetati
362 2311 611 2410 honorificum,
638 2327 755 2385 tamen
782 2326 857 2385 erat
875 2314 1065 2385 exercitum
1083 2312 1227 2388 habenti

230 2438 473 2510 necessarium.
506 2440 602 2529 Quid
628 2441 719 2510 enim
748 2441 900 2511 estsine
927 2441 1073 2539 imperio
1100 2441 1229 2515 exerci-

231 2560 309 2634 tusl
334 2563 491 2635 Statuam
519 2563 704 2664 Philippus
732 2566 904 2663 decrevit,
930 2566 1142 2640 celeritatem
1169 2593 1230 2665 pe-

231 2689 365 2762 titionis
392 2691 505 2788 primo
532 2690 688 2788 Servius,
718 2708 800 2792 pust
826 2696 992 2766 maiorem
1019 2696 1126 2766 etiam
1152 2693 1229 2766 Ser·

229 2814 340 2887 vilius.
373 2815 469 2888 Nihil
491 2831 576 2888 tum
610 2820 753 2891 nimium
788 2821 980 2893 videbatur.
1014 2820 1084 2892 Sed
1110 2821 1229 2893 nescio

229 2941 409 3042 quomodo
436 2942 566 3015 facilius
593 2946 628 3015 in
655 2947 780 3018 timore
797 2946 956 3045 benigni,
983 2973 1087 3048 quam
1113 2948 1150 3019 in
1176 2949 1228 3018 ri-

229 3068 339 3140 ctoria
367 3070 453 3167 grati
481 3072 709 3170 reperiuntur.
743 3075 821 3171 Ego
848 3075 960 3171 enim,
983 3075 1026 3147 D.
1051 3075 1162 3146 Bruto
1188 3074 1228 3145 li-

228 3192 365 3292 berate,
391 3224 497 3297 quum
524 3197 730 3272 laetissimus
756 3200 813 3272 ille
840 3202 974 3274 civitati
1002 3201 1074 3272 dies
1102 3198 1229 3271 illuxis-

227 3335 298 3419 set,
322 3321 485 3424 idemque
511 3350 591 3397 casu
618 3327 717 3400 Bruti
736 3326 860 3399 tantalis
879 3342 985 3425 esset5
1012 3326 1169 3422 decrevi,
1190 3339 1229 3397 nt

228 3447 264 3518 in
290 3448 384 3531 lastis
412 3450 457 3521 ad
484 3478 563 3522 eum
588 3451 680 3524 dFem
699 3455 798 3526 Bruti
816 3480 945 3526 numen
965 3451 1227 3526 adscriberetur.

227 3573 268 3644 In
302 3601 414 3675 coque
447 3604 524 3648 sum
558 3581 726 3652 maiorum
762 3579 961 3680 exemplum
987 3593 1143 3675 secutus,
1170 3579 1228 3679 qni

228 3698 321 3771 hunc
350 3701 521 3775 lmnorem
549 3705 682 3778 mulieri
708 3710 917 3781 Laurentiae
938 3706 1147 3804 tribuerunt,
1173 3707 1228 3776 cui

229 3849 292 3896 vos
319 3828 504 3924 puritilices
531 3831 575 3902 ad
602 3860 696 3905 aram
724 3835 759 3906 in
787 3833 940 3906 Velabro
966 3833 1077 3904 sacerc
1100 3829 1227 3903 soletis.

229 3951 336 4042 Quod
363 3980 427 4052 ego
454 3983 561 4056 (aarum
588 3959 717 4033 dabam
742 3962 871 4059 Bruto,
896 3974 1016 4035 nutam
1035 3983 1110 4033 esse
1129 3958 1165 4030 in
1184 3955 1228 4028 su·
