2624 4830
147 427 149 438 ·
247 405 320 479 368
586 427 760 478 sersrons
785 429 879 476 xxiv.
1021 427 1053 479 Α.
1071 430 1106 479 v.
1124 432 1154 478 c.
1170 439 1216 492 ‚u

245 530 304 632 qui
323 528 490 603 maximas
507 552 593 629 opes
610 528 788 629 habuerit,
806 553 999 629 pauccmnr
1016 531 1147 604 vincte
1163 531 1240 604 suu

243 657 353 730 iatum
380 654 520 730 videnti
543 655 602 729 Me
628 681 713 730 vero
730 654 880 756 posthac
904 680 951 729 ne
976 655 1240 730 commendare

245 783 292 857 ris
316 782 457 857 Caesari
482 795 560 856 tuo:
584 806 631 856 ne
657 795 692 856 te
717 782 861 886 quidem
886 783 1019 884 ipsum,
1043 783 1073 857 si
1101 808 1158 856 me
1183 808 1241 856 nu·

244 907 329 984 dies.
352 906 469 985 Valde
500 933 580 982 cere
613 909 774 982 aestimas
807 919 864 982 tot
896 934 1025 1010 annos,
1057 923 1147 1012 quot
1178 909 1241 982 ista

244 1049 341 1112 aetas
366 1035 512 1136 recipit,
542 1035 571 1109 si
600 1049 749 1137 propter
774 1061 851 1110 eam
877 1058 1020 1109 caussm
1049 1059 1162 1136 puero
1188 1035 1242 1108 isti

244 1161 503 1264 supplicaturus
528 1186 575 1234 es.
599 1160 754 1261 Deinde,
780 1159 877 1264 quud
901 1159 1138 1262 pulcherrime
1161 1158 1243 1234 feci·

244 1288 308 1388 sti,
332 1314 375 1361 ac
399 1288 483 1362 facis
508 1288 546 1361 in
570 1287 748 1387 Antonio,
780 1285 863 1362 vide
894 1313 940 1361 ne
971 1299 1242 1362 convertature

243 1411 347 1489 laude
364 1414 505 1486 maximi
523 1413 629 1487 animi
647 1413 693 1487 ad
707 1392 911 1514 opinionem
928 1412 1134 1487 formidinis.
1152 1411 1242 1486 Nam

111 1628 114 1635 .
243 1538 273 1613 si
298 1539 467 1613 Octavius
493 1538 557 1612 tihi
576 1538 710 1641 placet,
729 1565 749 1614 a
767 1565 838 1643 quo
857 1539 903 1614 de
918 1552 1039 1613 nostra
1057 1536 1168 1613 salute
1187 1531 1243 1640 pe·

243 1665 390 1740 tendum
415 1667 475 1739 sit:
501 1691 575 1739 non
592 1665 777 1743 dominum
796 1666 938 1766 fugisse,
963 1664 1027 1740 sed
1043 1665 1242 1739 amiciorem

243 1791 426 1868 dominum
453 1794 627 1895 quaesisse
654 1791 839 1867 videberis.
866 1795 980 1885 Quem
1007 1791 1105 1894 quod
1123 1790 1246 1864 landas

242 1918 292 1994 ob
316 1946 374 2019 ee,
398 1946 488 2024 quoe
505 1919 621 1994 adhuc
646 1919 745 2019 fecit,
771 1919 876 2019 plane
892 1919 1024 2020 probo:
1050 1931 1136 1992 sunt
1151 1917 1243 1995 enim

242 2041 439 2147 laudanda,
461 2047 490 2122 si
510 2045 617 2121 modo
635 2059 760 2119 contra
778 2024 930 2119 alienam
947 2045 1160 2144 potentiam,
1174 2066 1247 2116 non

242 2197 312 2274 pro
335 2200 399 2249 sua
423 2174 579 2275 suscepit
607 2199 666 2247 eas
699 2173 864 2246 actiones.
897 2171 1019 2264 Quum
1043 2194 1130 2244 vero
1155 2168 1246 2243 iudi-

244 2323 322 2397 cas,
347 2313 484 2373 tantum
509 2298 560 2372 ilti
585 2325 658 2372 non
683 2297 792 2373 modo
815 2296 937 2398 licere,
962 2294 1025 2371 sed
1049 2297 1156 2371 etiam
1173 2323 1193 2369 a
1210 2307 1245 2368 te

243 2423 323 2528 ipso
350 2424 575 2499 tribuendum
601 2452 693 2524 esse,
726 2439 766 2498 ut
798 2424 975 2524 rogandus
1001 2425 1064 2524 sit,
1087 2450 1133 2496 ne
1158 2419 1247 2496 nolit

244 2576 320 2625 esse
345 2578 410 2626 nos
436 2552 571 2653 salvos,
597 2553 743 2626 nimium
768 2579 932 2652 magnam
958 2549 1157 2626 mercedem
1176 2562 1246 2622 sta-

244 2678 323 2751 tuis.
357 2678 401 2753 Id
426 2681 518 2763 enim
544 2680 661 2779 ipsum
686 2679 735 2752 itti
761 2679 912 2778 largiris,
938 2678 1036 2783 quod
1060 2705 1124 2778 per
1149 2674 1246 2749 illum

243 2802 375 2877 habere
399 2803 586 2880 videbatur
610 2832 665 2880 res
690 2805 840 2906 publica.
875 2805 999 2908 Neque
1022 2803 1092 2878 hoc
1118 2801 1185 2876 tibi
1209 2801 1245 2873 in

242 2943 400 3003 mentem
425 2931 540 3030 venit,
565 2931 593 3004 si
621 2933 790 3007 Octavius
816 2932 893 3005 ullis
920 2932 1045 3030 dignus
1071 2930 1117 3002 sit
1138 2927 1250 3002 hono·

244 3054 357 3154 ribus,
382 3059 463 3158 quia
489 3084 569 3145 cum
586 3060 744 3133 Antonio
761 3058 892 3131 bellum
918 3071 1031 3156 gerat:
1057 3057 1116 3154 iis,
1134 3055 1194 3156 qui
1210 3051 1249 3124 it-

243 3179 307 3256 lud
332 3183 462 3258 malum
488 3185 694 3284 exciderint,
720 3187 816 3259 cuius
842 3186 929 3258 istac
954 3183 1119 3285 reliquiae
1146 3193 1250 3278 sunt,

244 3309 349 3409 nihil,
375 3339 446 3414 quo
472 3313 601 3413 expleri
632 3314 745 3413 possit
776 3339 898 3386 eorum
932 3310 1112 3406 meritum,
1140 3306 1246 3379 tribu-

135 3484 137 3490 ι
244 3449 363 3511 turum
388 3465 554 3541 umquam
582 3438 752 3539 populum
771 3441 986 3535 Romanum,
1012 3437 1040 3509 si
1066 3435 1183 3509 omnia
1202 3431 1249 3504 si-

243 3561 317 3634 mul
346 3565 567 3663 congesserit
592 3567 641 3640 At
666 3565 765 3664 vide,
798 3579 931 3667 quanto
957 3561 1156 3660 diligentius
1181 3557 1246 3630 ho-

243 3686 356 3759 mines
381 3701 558 3788 metuant,
583 3715 687 3792 quem
704 3692 944 3786 meminerint,
970 3689 1050 3789 quia
1068 3684 1246 3759 Antonius

245 3812 359 3912 vivat,
385 3827 490 3915 ntrpre
515 3816 551 3888 in
579 3818 682 3890 armis
700 3818 754 3891 sit
780 3818 833 3890 De
853 3817 1003 3889 Caesare
1022 3838 1125 3908 vero,
1151 3806 1246 3911 quod

244 3937 318 4011 fieri
343 3939 461 4040 potuit
486 3967 527 4014 ac
545 3941 683 4039 debuit,
710 3954 926 4016 transactum
944 3955 1015 4013 est:
1040 3964 1155 4039 neque
1176 3936 1244 4006 iam
