<?xml version="1.0" encoding="UTF-8"?>
<!DOCTYPE html PUBLIC "-//W3C//DTD XHTML 1.0 Transitional//EN"
    "http://www.w3.org/TR/xhtml1/DTD/xhtml1-transitional.dtd">
<html xmlns="http://www.w3.org/1999/xhtml" xml:lang="en" lang="en">
 <head>
  <title>
</title>
<meta http-equiv="Content-Type" content="text/html;charset=utf-8" />
  <meta name='ocr-system' content='tesseract 3.04.00' />
  <meta name='ocr-capabilities' content='ocr_page ocr_carea ocr_par ocr_line ocrx_word'/>
</head>
<body>
  <div class='ocr_page' id='page_1' title='image "./mtulliiciceroni17cicegoog_0424.png"; bbox 0 0 2624 4830; ppageno 0'>
   <div class='ocr_carea' id='block_1_1' title="bbox 224 412 857 505">
    <p class='ocr_par' dir='ltr' id='par_1_1' title="bbox 224 412 857 505">
     <span class='ocr_line' id='line_1_1' title="bbox 224 412 857 505; baseline -0.008 -22"><span class='ocrx_word' id='word_1_1' title='bbox 224 412 296 505; x_wconf 66' lang='lat' dir='ltr'><strong>iao</strong></span> <span class='ocrx_word' id='word_1_2' title='bbox 563 493 567 503; x_wconf 18' lang='grc' dir='ltr'><strong><em>μ</em></strong></span> <span class='ocrx_word' id='word_1_3' title='bbox 592 427 857 480; x_wconf 73' lang='lat' dir='ltr'><strong>aanortrtonrr</strong></span> 
     </span>
    </p>
   </div>
   <div class='ocr_carea' id='block_1_2' title="bbox 264 523 1229 835">
    <p class='ocr_par' dir='ltr' id='par_1_2' title="bbox 264 523 1229 835">
     <span class='ocr_line' id='line_1_2' title="bbox 264 523 1229 618; baseline 0.002 -22"><span class='ocrx_word' id='word_1_4' title='bbox 264 555 357 618; x_wconf 78' lang='lat' dir='ltr'><strong>quare</strong></span> <span class='ocrx_word' id='word_1_5' title='bbox 378 544 511 594; x_wconf 78' lang='lat' dir='ltr'><strong>serratus</strong></span> <span class='ocrx_word' id='word_1_6' title='bbox 531 535 583 610; x_wconf 78' lang='lat' dir='ltr'><strong>sit,</strong></span> <span class='ocrx_word' id='word_1_7' title='bbox 603 542 705 616; x_wconf 74' lang='lat' dir='ltr'><strong>postea</strong></span> <span class='ocrx_word' id='word_1_8' title='bbox 726 523 874 616; x_wconf 66' lang='lat' dir='ltr'><strong>additui,</strong></span> <span class='ocrx_word' id='word_1_9' title='bbox 896 532 956 592; x_wconf 77' lang='lat' dir='ltr'><strong>scii.</strong></span> <span class='ocrx_word' id='word_1_10' title='bbox 976 532 1060 616; x_wconf 89' lang='lat' dir='ltr'><strong>quod</strong></span> <span class='ocrx_word' id='word_1_11' title='bbox 1073 535 1165 597; x_wconf 81' lang='lat' dir='ltr'><strong>inerit</strong></span> <span class='ocrx_word' id='word_1_12' title='bbox 1177 558 1229 598; x_wconf 78' lang='lat' dir='ltr'><strong>oo·</strong></span> 
     </span>
     <span class='ocr_line' id='line_1_3' title="bbox 264 640 1228 733; baseline 0 -30"><span class='ocrx_word' id='word_1_13' title='bbox 264 645 363 733; x_wconf 71' lang='lat' dir='ltr'><strong>gnitus</strong></span> <span class='ocrx_word' id='word_1_14' title='bbox 377 663 395 700; x_wconf 89' lang='lat' dir='ltr'><strong>a</strong></span> <span class='ocrx_word' id='word_1_15' title='bbox 409 645 478 702; x_wconf 89' lang='lat' dir='ltr'><strong>suis.</strong></span> <span class='ocrx_word' id='word_1_16' title='bbox 500 640 587 702; x_wconf 83' lang='lat' dir='ltr'><strong>Amh.</strong></span> <span class='ocrx_word' id='word_1_17' title='bbox 607 662 641 701; x_wconf 81' lang='lat' dir='ltr'><strong>ra</strong></span> <span class='ocrx_word' id='word_1_18' title='bbox 657 653 688 702; x_wconf 91' lang='lat' dir='ltr'><strong>et</strong></span> <span class='ocrx_word' id='word_1_19' title='bbox 701 640 748 702; x_wconf 90' lang='lat' dir='ltr'><strong>ed.</strong></span> <span class='ocrx_word' id='word_1_20' title='bbox 769 640 849 702; x_wconf 90' lang='lat' dir='ltr'><strong>Med.</strong></span> <span class='ocrx_word' id='word_1_21' title='bbox 870 641 967 702; x_wconf 81' lang='lat' dir='ltr'><strong>nescio</strong></span> <span class='ocrx_word' id='word_1_22' title='bbox 987 663 1047 724; x_wconf 81' lang='lat' dir='ltr'><strong>qrw</strong></span> <span class='ocrx_word' id='word_1_23' title='bbox 1059 642 1159 724; x_wconf 84' lang='lat' dir='ltr'><strong>sarto.</strong></span> <span class='ocrx_word' id='word_1_24' title='bbox 1180 645 1228 704; x_wconf 87' lang='lat' dir='ltr'><strong>Si-</strong></span> 
     </span>
     <span class='ocr_line' id='line_1_4' title="bbox 264 748 1227 835; baseline 0 -25"><span class='ocrx_word' id='word_1_25' title='bbox 264 748 404 835; x_wconf 63' lang='lat' dir='ltr'><strong>gnificare</strong></span> <span class='ocrx_word' id='word_1_26' title='bbox 419 750 551 829; x_wconf 87' lang='lat' dir='ltr'><strong>videtur,</strong></span> <span class='ocrx_word' id='word_1_27' title='bbox 565 770 596 809; x_wconf 92' lang='lat' dir='ltr'><strong>se</strong></span> <span class='ocrx_word' id='word_1_28' title='bbox 608 750 671 810; x_wconf 91' lang='lat' dir='ltr'><strong>Diis</strong></span> <span class='ocrx_word' id='word_1_29' title='bbox 684 748 855 810; x_wconf 85' lang='lat' dir='ltr'><strong>iuvantibus</strong></span> <span class='ocrx_word' id='word_1_30' title='bbox 868 760 1016 810; x_wconf 87' lang='lat' dir='ltr'><strong>serratum</strong></span> <span class='ocrx_word' id='word_1_31' title='bbox 1032 770 1112 833; x_wconf 88' lang='lat' dir='ltr'><strong>esse,</strong></span> <span class='ocrx_word' id='word_1_32' title='bbox 1133 773 1227 833; x_wconf 86' lang='lat' dir='ltr'><strong>quum</strong></span> 
     </span>
    </p>
   </div>
   <div class='ocr_carea' id='block_1_3' title="bbox 265 838 1227 941">
    <p class='ocr_par' dir='ltr' id='par_1_3' title="bbox 265 838 1227 941">
     <span class='ocr_line' id='line_1_5' title="bbox 265 838 1227 941; baseline 0 -22"><span class='ocrx_word' id='word_1_33' title='bbox 265 838 296 919; x_wconf 80' lang='lat' dir='ltr'><strong>ct</strong></span> <span class='ocrx_word' id='word_1_34' title='bbox 316 858 355 919; x_wconf 84' lang='lat' dir='ltr'><strong>cb</strong></span> <span class='ocrx_word' id='word_1_35' title='bbox 376 861 547 929; x_wconf 79' lang='lat' dir='ltr'><strong>Antonianis</strong></span> <span class='ocrx_word' id='word_1_36' title='bbox 568 869 598 918; x_wconf 87' lang='lat' dir='ltr'><strong>et</strong></span> <span class='ocrx_word' id='word_1_37' title='bbox 619 880 635 916; x_wconf 88' lang='lat' dir='ltr'><strong>a</strong></span> <span class='ocrx_word' id='word_1_38' title='bbox 657 860 716 917; x_wconf 89' lang='lat' dir='ltr'><strong>suis</strong></span> <span class='ocrx_word' id='word_1_39' title='bbox 743 857 830 918; x_wconf 87' lang='lat' dir='ltr'><strong>simul</strong></span> <span class='ocrx_word' id='word_1_40' title='bbox 850 860 975 941; x_wconf 86' lang='lat' dir='ltr'><strong>petitus,</strong></span> <span class='ocrx_word' id='word_1_41' title='bbox 995 861 1110 919; x_wconf 89' lang='lat' dir='ltr'><strong>nonnisi</strong></span> <span class='ocrx_word' id='word_1_42' title='bbox 1137 864 1227 920; x_wconf 87' lang='lat' dir='ltr'><strong>mira-</strong></span> 
     </span>
    </p>
   </div>
   <div class='ocr_carea' id='block_1_4' title="bbox 158 965 1301 2340">
    <p class='ocr_par' dir='ltr' id='par_1_4' title="bbox 180 965 1155 1049">
     <span class='ocr_line' id='line_1_6' title="bbox 180 965 1155 1049; baseline -0.001 -22"><span class='ocrx_word' id='word_1_43' title='bbox 180 1024 183 1028; x_wconf 17' lang='grc' dir='ltr'><strong>Α</strong></span> <span class='ocrx_word' id='word_1_44' title='bbox 263 966 332 1026; x_wconf 84' lang='lat' dir='ltr'><strong>culo</strong></span> <span class='ocrx_word' id='word_1_45' title='bbox 353 966 484 1048; x_wconf 86' lang='lat' dir='ltr'><strong>quodam</strong></span> <span class='ocrx_word' id='word_1_46' title='bbox 506 965 633 1027; x_wconf 87' lang='lat' dir='ltr'><strong>evadere</strong></span> <span class='ocrx_word' id='word_1_47' title='bbox 654 977 759 1049; x_wconf 75' lang='lat' dir='ltr'><strong>posset.</strong></span> <span class='ocrx_word' id='word_1_48' title='bbox 780 966 853 1026; x_wconf 86' lang='lat' dir='ltr'><strong>Mox</strong></span> <span class='ocrx_word' id='word_1_49' title='bbox 873 965 979 1027; x_wconf 89' lang='lat' dir='ltr'><strong>Lamb.</strong></span> <span class='ocrx_word' id='word_1_50' title='bbox 1000 967 1057 1026; x_wconf 83' lang='lat' dir='ltr'><strong>cito</strong></span> <span class='ocrx_word' id='word_1_51' title='bbox 1079 988 1155 1026; x_wconf 81' lang='lat' dir='ltr'><strong>sruu.</strong></span> 
     </span>
    </p>

    <p class='ocr_par' dir='ltr' id='par_1_5' title="bbox 228 1072 623 1158">
     <span class='ocr_line' id='line_1_7' title="bbox 228 1072 623 1158; baseline -0.005 -23"><span class='ocrx_word' id='word_1_52' title='bbox 228 1072 264 1135; x_wconf 82' lang='lat'><strong>18</strong></span> <span class='ocrx_word' id='word_1_53' title='bbox 284 1074 401 1158; x_wconf 77' lang='lat' dir='ltr'><strong>inipso</strong></span> <span class='ocrx_word' id='word_1_54' title='bbox 422 1077 469 1135; x_wconf 87' lang='lat' dir='ltr'><strong>via</strong></span> <span class='ocrx_word' id='word_1_55' title='bbox 490 1075 623 1135; x_wconf 81' lang='lat' dir='ltr'><strong>Aemilia.</strong></span> 
     </span>
    </p>

    <p class='ocr_par' dir='ltr' id='par_1_6' title="bbox 228 1178 1225 1267">
     <span class='ocr_line' id='line_1_8' title="bbox 228 1178 1225 1267; baseline -0.005 -22"><span class='ocrx_word' id='word_1_56' title='bbox 228 1202 265 1267; x_wconf 80' lang='lat'><strong>19</strong></span> <span class='ocrx_word' id='word_1_57' title='bbox 284 1181 360 1242; x_wconf 86' lang='lat' dir='ltr'><strong>Tres</strong></span> <span class='ocrx_word' id='word_1_58' title='bbox 379 1180 488 1242; x_wconf 77' lang='lat' dir='ltr'><strong>Amhb.</strong></span> <span class='ocrx_word' id='word_1_59' title='bbox 508 1184 585 1263; x_wconf 76' lang='lat' dir='ltr'><strong>Rec,¹</strong></span> <span class='ocrx_word' id='word_1_60' title='bbox 600 1181 659 1242; x_wconf 83' lang='lat' dir='ltr'><strong>zet.</strong></span> <span class='ocrx_word' id='word_1_61' title='bbox 679 1183 704 1242; x_wconf 88' lang='lat' dir='ltr'>B</span> <span class='ocrx_word' id='word_1_62' title='bbox 725 1192 755 1241; x_wconf 93' lang='lat' dir='ltr'><strong>et</strong></span> <span class='ocrx_word' id='word_1_63' title='bbox 775 1178 843 1242; x_wconf 91' lang='lat' dir='ltr'><strong>edd.</strong></span> <span class='ocrx_word' id='word_1_64' title='bbox 858 1181 914 1242; x_wconf 88' lang='lat' dir='ltr'><strong>Ro.</strong></span> <span class='ocrx_word' id='word_1_65' title='bbox 930 1191 960 1240; x_wconf 91' lang='lat' dir='ltr'><strong>et</strong></span> <span class='ocrx_word' id='word_1_66' title='bbox 973 1179 1052 1241; x_wconf 88' lang='lat' dir='ltr'><strong>Med.</strong></span> <span class='ocrx_word' id='word_1_67' title='bbox 1068 1181 1225 1242; x_wconf 76' lang='lat' dir='ltr'><strong>sinistrim.</strong></span> 
     </span>
    </p>

    <p class='ocr_par' dir='ltr' id='par_1_7' title="bbox 158 1289 531 1359">
     <span class='ocr_line' id='line_1_9' title="bbox 158 1289 531 1359; baseline 0.008 -12"><span class='ocrx_word' id='word_1_68' title='bbox 158 1344 171 1359; x_wconf 81' lang='grc'><em>,</em></span> <span class='ocrx_word' id='word_1_69' title='bbox 224 1308 264 1349; x_wconf 78' lang='lat' dir='ltr'><strong>ao</strong></span> <span class='ocrx_word' id='word_1_70' title='bbox 284 1289 388 1349; x_wconf 86' lang='lat' dir='ltr'><strong>Castra</strong></span> <span class='ocrx_word' id='word_1_71' title='bbox 408 1289 531 1350; x_wconf 82' lang='lat' dir='ltr'><strong>Pansae.</strong></span> 
     </span>
    </p>

    <p class='ocr_par' dir='ltr' id='par_1_8' title="bbox 223 1393 1301 2340">
     <span class='ocr_line' id='line_1_10' title="bbox 223 1393 1227 1478; baseline 0 -24"><span class='ocrx_word' id='word_1_72' title='bbox 223 1415 258 1456; x_wconf 79' lang='lat' dir='ltr'><strong>ar</strong></span> <span class='ocrx_word' id='word_1_73' title='bbox 284 1395 341 1457; x_wconf 90' lang='lat' dir='ltr'><strong>Sic.</strong></span> <span class='ocrx_word' id='word_1_74' title='bbox 361 1395 421 1456; x_wconf 86' lang='lat' dir='ltr'><strong>Zci.</strong></span> <span class='ocrx_word' id='word_1_75' title='bbox 442 1397 466 1455; x_wconf 91' lang='lat' dir='ltr'><strong>B</strong></span> <span class='ocrx_word' id='word_1_76' title='bbox 488 1407 518 1456; x_wconf 92' lang='lat' dir='ltr'><strong>et</strong></span> <span class='ocrx_word' id='word_1_77' title='bbox 538 1394 605 1456; x_wconf 91' lang='lat' dir='ltr'><strong>edd.</strong></span> <span class='ocrx_word' id='word_1_78' title='bbox 625 1397 681 1455; x_wconf 86' lang='lat' dir='ltr'><strong>Ro.</strong></span> <span class='ocrx_word' id='word_1_79' title='bbox 702 1406 733 1455; x_wconf 86' lang='lat' dir='ltr'><strong>ot</strong></span> <span class='ocrx_word' id='word_1_80' title='bbox 752 1396 827 1456; x_wconf 89' lang='lat' dir='ltr'><strong>lens.</strong></span> <span class='ocrx_word' id='word_1_81' title='bbox 843 1415 913 1465; x_wconf 82' lang='lat' dir='ltr'><strong>curn</strong></span> <span class='ocrx_word' id='word_1_82' title='bbox 928 1393 1033 1456; x_wconf 86' lang='lat' dir='ltr'><strong>Lomb.</strong></span> <span class='ocrx_word' id='word_1_83' title='bbox 1056 1394 1159 1478; x_wconf 66' lang='lat' dir='ltr'><strong>Vulgo</strong></span> <span class='ocrx_word' id='word_1_84' title='bbox 1170 1395 1227 1478; x_wconf 77' lang='lat' dir='ltr'><strong>fir</strong></span> 
     </span>
     <span class='ocr_line' id='line_1_11' title="bbox 258 1502 1227 1587; baseline 0.003 -25"><span class='ocrx_word' id='word_1_85' title='bbox 258 1503 354 1587; x_wconf 79' lang='lat' dir='ltr'><strong>gavit,</strong></span> <span class='ocrx_word' id='word_1_86' title='bbox 373 1502 534 1586; x_wconf 82' lang='lat' dir='ltr'><strong>eodemque</strong></span> <span class='ocrx_word' id='word_1_87' title='bbox 548 1504 628 1585; x_wconf 87' lang='lat' dir='ltr'><strong>loco,</strong></span> <span class='ocrx_word' id='word_1_88' title='bbox 648 1503 699 1563; x_wconf 76' lang='lat' dir='ltr'><strong>ahi</strong></span> <span class='ocrx_word' id='word_1_89' title='bbox 710 1516 775 1564; x_wconf 84' lang='lat' dir='ltr'><strong>erat</strong></span> <span class='ocrx_word' id='word_1_90' title='bbox 784 1517 947 1585; x_wconf 77' lang='lat' dir='ltr'><strong>picguutum</strong></span> <span class='ocrx_word' id='word_1_91' title='bbox 961 1502 1006 1563; x_wconf 83' lang='lat' dir='ltr'><strong>ad</strong></span> <span class='ocrx_word' id='word_1_92' title='bbox 1018 1503 1134 1564; x_wconf 78' lang='lat' dir='ltr'><strong>Forum</strong></span> <span class='ocrx_word' id='word_1_93' title='bbox 1150 1504 1227 1565; x_wconf 81' lang='lat' dir='ltr'><strong>Gai·</strong></span> 
     </span>
     <span class='ocr_line' id='line_1_12' title="bbox 261 1610 1227 1696; baseline 0.003 -27"><span class='ocrx_word' id='word_1_94' title='bbox 261 1610 368 1670; x_wconf 81' lang='lat' dir='ltr'><strong>iorum.</strong></span> <span class='ocrx_word' id='word_1_95' title='bbox 382 1610 530 1670; x_wconf 84' lang='lat' dir='ltr'><strong>Antonius</strong></span> <span class='ocrx_word' id='word_1_96' title='bbox 543 1644 585 1656; x_wconf 92' lang='lat'>—</span> <span class='ocrx_word' id='word_1_97' title='bbox 598 1633 629 1671; x_wconf 86' lang='lat' dir='ltr'><strong>se</strong></span> <span class='ocrx_word' id='word_1_98' title='bbox 639 1610 734 1671; x_wconf 84' lang='lat' dir='ltr'><strong>—ad</strong></span> <span class='ocrx_word' id='word_1_99' title='bbox 746 1611 895 1679; x_wconf 74' lang='lat' dir='ltr'><strong>Matinum</strong></span> <span class='ocrx_word' id='word_1_100' title='bbox 908 1612 1032 1693; x_wconf 50' lang='lat' dir='ltr'><strong>recepi&amp;</strong></span> <span class='ocrx_word' id='word_1_101' title='bbox 1047 1613 1109 1671; x_wconf 85' lang='lat' dir='ltr'><strong>sinc</strong></span> <span class='ocrx_word' id='word_1_102' title='bbox 1123 1632 1227 1696; x_wconf 84' lang='lat' dir='ltr'><strong>sensu,</strong></span> 
     </span>
     <span class='ocr_line' id='line_1_13' title="bbox 261 1692 1226 1801; baseline -0.003 -20"><span class='ocrx_word' id='word_1_103' title='bbox 261 1727 297 1781; x_wconf 84' lang='lat' dir='ltr'><strong>ut</strong></span> <span class='ocrx_word' id='word_1_104' title='bbox 310 1715 383 1777; x_wconf 82' lang='lat' dir='ltr'><strong>vidit</strong></span> <span class='ocrx_word' id='word_1_105' title='bbox 396 1720 484 1778; x_wconf 87' lang='lat' dir='ltr'><strong>etiam</strong></span> <span class='ocrx_word' id='word_1_106' title='bbox 499 1692 636 1777; x_wconf 79' lang='lat' dir='ltr'><strong>Ordlius.</strong></span> <span class='ocrx_word' id='word_1_107' title='bbox 657 1719 696 1778; x_wconf 81' lang='lat' dir='ltr'><strong>At</strong></span> <span class='ocrx_word' id='word_1_108' title='bbox 715 1716 764 1778; x_wconf 91' lang='lat' dir='ltr'><strong>hic</strong></span> <span class='ocrx_word' id='word_1_109' title='bbox 786 1717 912 1778; x_wconf 80' lang='lat' dir='ltr'><strong>distinxit</strong></span> <span class='ocrx_word' id='word_1_110' title='bbox 922 1716 1051 1799; x_wconf 73' lang='lat' dir='ltr'><strong>fugauit:</strong></span> <span class='ocrx_word' id='word_1_111' title='bbox 1063 1716 1226 1801; x_wconf 81' lang='lat' dir='ltr'><strong>codemque</strong></span> 
     </span>
     <span class='ocr_line' id='line_1_14' title="bbox 262 1823 1225 1908; baseline 0 -24"><span class='ocrx_word' id='word_1_112' title='bbox 262 1823 346 1908; x_wconf 73' lang='lat' dir='ltr'><strong>ioco,</strong></span> <span class='ocrx_word' id='word_1_113' title='bbox 366 1823 418 1884; x_wconf 81' lang='lat' dir='ltr'><strong>ubi</strong></span> <span class='ocrx_word' id='word_1_114' title='bbox 436 1847 461 1886; x_wconf 86' lang='lat' dir='ltr'><strong>e.</strong></span> <span class='ocrx_word' id='word_1_115' title='bbox 479 1846 512 1908; x_wconf 87' lang='lat' dir='ltr'><strong>p.</strong></span> <span class='ocrx_word' id='word_1_116' title='bbox 531 1824 577 1886; x_wconf 83' lang='lat' dir='ltr'><strong>ad</strong></span> <span class='ocrx_word' id='word_1_117' title='bbox 595 1827 707 1886; x_wconf 83' lang='lat' dir='ltr'><strong>Forum</strong></span> <span class='ocrx_word' id='word_1_118' title='bbox 732 1824 907 1899; x_wconf 79' lang='lat' dir='ltr'><strong>Gallorum,</strong></span> <span class='ocrx_word' id='word_1_119' title='bbox 922 1824 1070 1885; x_wconf 81' lang='lat' dir='ltr'><strong>Antonius</strong></span> <span class='ocrx_word' id='word_1_120' title='bbox 1083 1858 1124 1868; x_wconf 96' lang='lat'><strong>—</strong></span> <span class='ocrx_word' id='word_1_121' title='bbox 1138 1847 1172 1884; x_wconf 83' lang='lat' dir='ltr'><strong>se</strong></span> <span class='ocrx_word' id='word_1_122' title='bbox 1184 1859 1225 1869; x_wconf 87' lang='lat'>-</span> 
     </span>
     <span class='ocr_line' id='line_1_15' title="bbox 260 1931 1225 2018; baseline -0.004 -23"><span class='ocrx_word' id='word_1_123' title='bbox 260 1931 306 1995; x_wconf 82' lang='lat' dir='ltr'><strong>ad</strong></span> <span class='ocrx_word' id='word_1_124' title='bbox 324 1933 476 1997; x_wconf 78' lang='lat' dir='ltr'><strong>Mutinam</strong></span> <span class='ocrx_word' id='word_1_125' title='bbox 496 1934 619 2018; x_wconf 67' lang='grc' dir='ltr'><strong>νεαρῆς</strong></span> <span class='ocrx_word' id='word_1_126' title='bbox 644 1937 673 1994; x_wconf 91' lang='lat' dir='ltr'><strong>in</strong></span> <span class='ocrx_word' id='word_1_127' title='bbox 694 1955 754 2015; x_wconf 84' lang='lat' dir='ltr'><strong>qua</strong></span> <span class='ocrx_word' id='word_1_128' title='bbox 782 1933 967 2006; x_wconf 82' lang='lat' dir='ltr'><strong>distinctione</strong></span> <span class='ocrx_word' id='word_1_129' title='bbox 988 1931 1080 1993; x_wconf 85' lang='lat' dir='ltr'><strong>verba</strong></span> <span class='ocrx_word' id='word_1_130' title='bbox 1106 1931 1225 1994; x_wconf 74' lang='lat' dir='ltr'><strong>codena-</strong></span> 
     </span>
     <span class='ocr_line' id='line_1_16' title="bbox 260 2035 1301 2125; baseline -0.004 -23"><span class='ocrx_word' id='word_1_131' title='bbox 260 2062 318 2125; x_wconf 85' lang='lat' dir='ltr'><strong>que</strong></span> <span class='ocrx_word' id='word_1_132' title='bbox 338 2042 403 2104; x_wconf 84' lang='lat' dir='ltr'><strong>ioco</strong></span> <span class='ocrx_word' id='word_1_133' title='bbox 425 2045 647 2123; x_wconf 84' lang='lat' dir='ltr'><strong>coniunguntur</strong></span> <span class='ocrx_word' id='word_1_134' title='bbox 667 2062 735 2101; x_wconf 88' lang='lat' dir='ltr'><strong>cum</strong></span> <span class='ocrx_word' id='word_1_135' title='bbox 757 2062 818 2123; x_wconf 85' lang='lat' dir='ltr'><strong>seq.</strong></span> <span class='ocrx_word' id='word_1_136' title='bbox 839 2062 871 2100; x_wconf 87' lang='lat' dir='ltr'><strong>se</strong></span> <span class='ocrx_word' id='word_1_137' title='bbox 891 2039 936 2101; x_wconf 86' lang='lat' dir='ltr'><strong>ad</strong></span> <span class='ocrx_word' id='word_1_138' title='bbox 952 2039 1103 2100; x_wconf 75' lang='lat' dir='ltr'><strong>Mutinam</strong></span> <span class='ocrx_word' id='word_1_139' title='bbox 1117 2043 1226 2124; x_wconf 82' lang='lat' dir='ltr'><strong>recepit</strong></span> <span class='ocrx_word' id='word_1_140' title='bbox 1298 2035 1301 2049; x_wconf 91' lang='lat'>&#39;</span> 
     </span>
     <span class='ocr_line' id='line_1_17' title="bbox 260 2146 1225 2234; baseline -0.003 -22"><span class='ocrx_word' id='word_1_141' title='bbox 260 2150 417 2213; x_wconf 80' lang='lat' dir='ltr'><strong>Antonius.</strong></span> <span class='ocrx_word' id='word_1_142' title='bbox 438 2151 505 2234; x_wconf 78' lang='lat' dir='ltr'><strong>Ego</strong></span> <span class='ocrx_word' id='word_1_143' title='bbox 526 2171 598 2211; x_wconf 83' lang='lat' dir='ltr'><strong>vero</strong></span> <span class='ocrx_word' id='word_1_144' title='bbox 617 2169 678 2210; x_wconf 87' lang='lat' dir='ltr'><strong>non</strong></span> <span class='ocrx_word' id='word_1_145' title='bbox 700 2149 835 2232; x_wconf 87' lang='lat' dir='ltr'><strong>dispicio,</strong></span> <span class='ocrx_word' id='word_1_146' title='bbox 856 2147 929 2231; x_wconf 90' lang='lat' dir='ltr'><strong>quid</strong></span> <span class='ocrx_word' id='word_1_147' title='bbox 943 2150 1056 2209; x_wconf 85' lang='lat' dir='ltr'><strong>intersit</strong></span> <span class='ocrx_word' id='word_1_148' title='bbox 1069 2146 1186 2231; x_wconf 68' lang='lat' dir='ltr'><strong>dicere,</strong></span> <span class='ocrx_word' id='word_1_149' title='bbox 1207 2169 1225 2209; x_wconf 82' lang='grc' dir='ltr'>ι</span> 
     </span>
     <span class='ocr_line' id='line_1_18' title="bbox 260 2257 967 2340; baseline -0.004 -22"><span class='ocrx_word' id='word_1_150' title='bbox 260 2278 322 2340; x_wconf 90' lang='lat' dir='ltr'><strong>quo</strong></span> <span class='ocrx_word' id='word_1_151' title='bbox 342 2257 409 2318; x_wconf 87' lang='lat' dir='ltr'><strong>loco</strong></span> <span class='ocrx_word' id='word_1_152' title='bbox 430 2279 461 2319; x_wconf 91' lang='lat' dir='ltr'><strong>se</strong></span> <span class='ocrx_word' id='word_1_153' title='bbox 481 2259 628 2321; x_wconf 86' lang='lat' dir='ltr'><strong>Mutinam</strong></span> <span class='ocrx_word' id='word_1_154' title='bbox 648 2259 794 2340; x_wconf 80' lang='lat' dir='ltr'><strong>receperit</strong></span> <span class='ocrx_word' id='word_1_155' title='bbox 814 2258 967 2316; x_wconf 82' lang='lat' dir='ltr'><strong>Antonius.</strong></span> 
     </span>
    </p>
   </div>
   <div class='ocr_carea' id='block_1_5' title="bbox 114 2364 1226 2452">
    <p class='ocr_par' dir='ltr' id='par_1_9' title="bbox 114 2364 1226 2452">
     <span class='ocr_line' id='line_1_19' title="bbox 114 2364 1226 2452; baseline -0.001 -28"><span class='ocrx_word' id='word_1_156' title='bbox 114 2449 115 2452; x_wconf 7' lang='grc' dir='ltr'><strong>Ἴ</strong></span> <span class='ocrx_word' id='word_1_157' title='bbox 221 2384 259 2424; x_wconf 78' lang='lat' dir='ltr'><strong>aa</strong></span> <span class='ocrx_word' id='word_1_158' title='bbox 281 2364 380 2425; x_wconf 79' lang='lat' dir='ltr'><strong>Rediit</strong></span> <span class='ocrx_word' id='word_1_159' title='bbox 400 2365 484 2445; x_wconf 81' lang='lat' dir='ltr'><strong>dixit,</strong></span> <span class='ocrx_word' id='word_1_160' title='bbox 506 2368 628 2448; x_wconf 80' lang='lat' dir='ltr'><strong>opinor,</strong></span> <span class='ocrx_word' id='word_1_161' title='bbox 648 2386 703 2449; x_wconf 87' lang='lat' dir='ltr'><strong>pro</strong></span> <span class='ocrx_word' id='word_1_162' title='bbox 717 2365 774 2425; x_wconf 75' lang='lat' dir='ltr'><strong>ivit.</strong></span> <span class='ocrx_word' id='word_1_163' title='bbox 796 2366 871 2425; x_wconf 86' lang='lat' dir='ltr'><strong>Nam</strong></span> <span class='ocrx_word' id='word_1_164' title='bbox 885 2365 1050 2445; x_wconf 83' lang='lat' dir='ltr'><strong>Antonius,</strong></span> <span class='ocrx_word' id='word_1_165' title='bbox 1070 2372 1147 2424; x_wconf 87' lang='lat' dir='ltr'><strong>teste</strong></span> <span class='ocrx_word' id='word_1_166' title='bbox 1161 2366 1226 2447; x_wconf 86' lang='lat' dir='ltr'><strong>ipso</strong></span> 
     </span>
    </p>
   </div>
   <div class='ocr_carea' id='block_1_6' title="bbox 215 2469 1227 3942">
    <p class='ocr_par' dir='ltr' id='par_1_10' title="bbox 257 2469 1227 2770">
     <span class='ocr_line' id='line_1_20' title="bbox 259 2469 1227 2555; baseline 0.001 -25"><span class='ocrx_word' id='word_1_167' title='bbox 259 2471 374 2554; x_wconf 84' lang='lat' dir='ltr'><strong>Galba,</strong></span> <span class='ocrx_word' id='word_1_168' title='bbox 400 2473 514 2533; x_wconf 81' lang='lat' dir='ltr'><strong>Pansae</strong></span> <span class='ocrx_word' id='word_1_169' title='bbox 542 2485 637 2533; x_wconf 86' lang='lat' dir='ltr'><strong>castra</strong></span> <span class='ocrx_word' id='word_1_170' title='bbox 661 2494 722 2533; x_wconf 89' lang='lat' dir='ltr'><strong>non</strong></span> <span class='ocrx_word' id='word_1_171' title='bbox 749 2475 943 2555; x_wconf 81' lang='lat' dir='ltr'><strong>expugnavit,</strong></span> <span class='ocrx_word' id='word_1_172' title='bbox 969 2491 1025 2531; x_wconf 86' lang='lat' dir='ltr'><strong>nec</strong></span> <span class='ocrx_word' id='word_1_173' title='bbox 1052 2469 1168 2530; x_wconf 86' lang='lat' dir='ltr'><strong>Hirtius</strong></span> <span class='ocrx_word' id='word_1_174' title='bbox 1189 2491 1227 2531; x_wconf 86' lang='lat' dir='ltr'><strong>ex</strong></span> 
     </span>
     <span class='ocr_line' id='line_1_21' title="bbox 260 2577 1227 2658; baseline 0 -19"><span class='ocrx_word' id='word_1_175' title='bbox 260 2583 361 2641; x_wconf 90' lang='lat' dir='ltr'><strong>castris</strong></span> <span class='ocrx_word' id='word_1_176' title='bbox 388 2580 502 2641; x_wconf 87' lang='lat' dir='ltr'><strong>Pansae</strong></span> <span class='ocrx_word' id='word_1_177' title='bbox 526 2582 619 2640; x_wconf 88' lang='lat' dir='ltr'><strong>movit</strong></span> <span class='ocrx_word' id='word_1_178' title='bbox 646 2592 750 2640; x_wconf 86' lang='lat' dir='ltr'><strong>contra</strong></span> <span class='ocrx_word' id='word_1_179' title='bbox 771 2581 948 2658; x_wconf 82' lang='lat' dir='ltr'><strong>Antonium,</strong></span> <span class='ocrx_word' id='word_1_180' title='bbox 974 2577 1026 2638; x_wconf 92' lang='lat' dir='ltr'><strong>sed</strong></span> <span class='ocrx_word' id='word_1_181' title='bbox 1047 2599 1086 2638; x_wconf 83' lang='lat' dir='ltr'><strong>ex</strong></span> <span class='ocrx_word' id='word_1_182' title='bbox 1105 2581 1167 2638; x_wconf 88' lang='lat' dir='ltr'><strong>suis</strong></span> <span class='ocrx_word' id='word_1_183' title='bbox 1188 2577 1227 2639; x_wconf 91' lang='lat' dir='ltr'><strong>ad</strong></span> 
     </span>
     <span class='ocr_line' id='line_1_22' title="bbox 257 2686 1010 2770; baseline -0.004 -23"><span class='ocrx_word' id='word_1_184' title='bbox 257 2686 412 2747; x_wconf 84' lang='lat' dir='ltr'><strong>Mutinam.</strong></span> <span class='ocrx_word' id='word_1_185' title='bbox 434 2688 506 2747; x_wconf 84' lang='lat' dir='ltr'><strong>Mox</strong></span> <span class='ocrx_word' id='word_1_186' title='bbox 527 2687 700 2770; x_wconf 69' lang='lat' dir='ltr'><strong>reliquerat,</strong></span> <span class='ocrx_word' id='word_1_187' title='bbox 722 2688 780 2747; x_wconf 82' lang='lat' dir='ltr'><strong>scil.</strong></span> <span class='ocrx_word' id='word_1_188' title='bbox 804 2687 883 2747; x_wconf 90' lang='lat' dir='ltr'><strong>idem</strong></span> <span class='ocrx_word' id='word_1_189' title='bbox 904 2687 1010 2746; x_wconf 83' lang='lat' dir='ltr'><strong>Pansa.</strong></span> 
     </span>
    </p>

    <p class='ocr_par' dir='ltr' id='par_1_11' title="bbox 218 2791 1227 3091">
     <span class='ocr_line' id='line_1_23' title="bbox 218 2791 1227 2875; baseline 0 -21"><span class='ocrx_word' id='word_1_190' title='bbox 218 2791 257 2854; x_wconf 73' lang='lat'><strong>23</strong></span> <span class='ocrx_word' id='word_1_191' title='bbox 280 2793 329 2853; x_wconf 92' lang='lat' dir='ltr'><strong>Sic</strong></span> <span class='ocrx_word' id='word_1_192' title='bbox 343 2796 475 2875; x_wconf 89' lang='lat' dir='ltr'><strong>quinque</strong></span> <span class='ocrx_word' id='word_1_193' title='bbox 489 2797 595 2873; x_wconf 85' lang='lat' dir='ltr'><strong>nostri,</strong></span> <span class='ocrx_word' id='word_1_194' title='bbox 610 2795 677 2863; x_wconf 81' lang='lat' dir='ltr'><strong>edd</strong></span> <span class='ocrx_word' id='word_1_195' title='bbox 695 2797 748 2854; x_wconf 82' lang='lat' dir='ltr'><strong>Ro.</strong></span> <span class='ocrx_word' id='word_1_196' title='bbox 766 2795 840 2859; x_wconf 87' lang='lat' dir='ltr'><strong>lens.</strong></span> <span class='ocrx_word' id='word_1_197' title='bbox 856 2795 935 2854; x_wconf 84' lang='lat' dir='ltr'><strong>Man</strong></span> <span class='ocrx_word' id='word_1_198' title='bbox 950 2792 1055 2853; x_wconf 84' lang='lat' dir='ltr'><strong>Lanrb.</strong></span> <span class='ocrx_word' id='word_1_199' title='bbox 1070 2804 1101 2854; x_wconf 90' lang='lat' dir='ltr'><strong>et</strong></span> <span class='ocrx_word' id='word_1_200' title='bbox 1115 2794 1227 2873; x_wconf 74' lang='lat' dir='ltr'><strong>Orati,</strong></span> 
     </span>
     <span class='ocr_line' id='line_1_24' title="bbox 258 2901 1226 2985; baseline 0 -23"><span class='ocrx_word' id='word_1_201' title='bbox 258 2912 289 2962; x_wconf 83' lang='lat' dir='ltr'><strong>et</strong></span> <span class='ocrx_word' id='word_1_202' title='bbox 309 2904 349 2960; x_wconf 91' lang='lat' dir='ltr'><strong>sic</strong></span> <span class='ocrx_word' id='word_1_203' title='bbox 370 2922 487 2985; x_wconf 87' lang='lat' dir='ltr'><strong>semper</strong></span> <span class='ocrx_word' id='word_1_204' title='bbox 505 2903 688 2984; x_wconf 83' lang='lat' dir='ltr'><strong>praetorius,</strong></span> <span class='ocrx_word' id='word_1_205' title='bbox 708 2923 747 2976; x_wconf 82' lang='lat' dir='ltr'><strong>a,</strong></span> <span class='ocrx_word' id='word_1_206' title='bbox 769 2923 833 2975; x_wconf 80' lang='lat' dir='ltr'><strong>um,</strong></span> <span class='ocrx_word' id='word_1_207' title='bbox 857 2904 885 2962; x_wconf 90' lang='lat' dir='ltr'><strong>in</strong></span> <span class='ocrx_word' id='word_1_208' title='bbox 906 2901 963 2961; x_wconf 92' lang='lat' dir='ltr'><strong>hao</strong></span> <span class='ocrx_word' id='word_1_209' title='bbox 984 2901 1107 2985; x_wconf 81' lang='lat' dir='ltr'><strong>epistola</strong></span> <span class='ocrx_word' id='word_1_210' title='bbox 1126 2913 1158 2962; x_wconf 87' lang='lat' dir='ltr'><strong>et</strong></span> <span class='ocrx_word' id='word_1_211' title='bbox 1170 2902 1226 2962; x_wconf 87' lang='lat' dir='ltr'><strong>ali-</strong></span> 
     </span>
     <span class='ocr_line' id='line_1_25' title="bbox 255 3006 702 3091; baseline 0.009 -23"><span class='ocrx_word' id='word_1_212' title='bbox 255 3006 296 3068; x_wconf 90' lang='lat' dir='ltr'><strong>bi.</strong></span> <span class='ocrx_word' id='word_1_213' title='bbox 316 3007 417 3090; x_wconf 64' lang='lat' dir='ltr'><strong>i&#39;ulgo</strong></span> <span class='ocrx_word' id='word_1_214' title='bbox 434 3013 702 3091; x_wconf 82' lang='lat' dir='ltr'><strong>praetorianarum.</strong></span> 
     </span>
    </p>

    <p class='ocr_par' dir='ltr' id='par_1_12' title="bbox 217 3113 1226 3518">
     <span class='ocr_line' id='line_1_26' title="bbox 217 3113 1225 3198; baseline 0 -24"><span class='ocrx_word' id='word_1_215' title='bbox 217 3114 258 3190; x_wconf 66' lang='lat' dir='ltr'><strong>ai</strong></span> <span class='ocrx_word' id='word_1_216' title='bbox 278 3115 443 3196; x_wconf 75' lang='lat' dir='ltr'><strong>Legiouum</strong></span> <span class='ocrx_word' id='word_1_217' title='bbox 457 3119 589 3198; x_wconf 82' lang='lat' dir='ltr'><strong>insignia.</strong></span> <span class='ocrx_word' id='word_1_218' title='bbox 611 3117 894 3197; x_wconf 60' lang='lat' dir='ltr'><strong>&amp;guarsenagum</strong></span> <span class='ocrx_word' id='word_1_219' title='bbox 913 3115 996 3175; x_wconf 87' lang='lat' dir='ltr'><strong>vides</strong></span> <span class='ocrx_word' id='word_1_220' title='bbox 1015 3113 1079 3192; x_wconf 88' lang='lat' dir='ltr'><strong>hic,</strong></span> <span class='ocrx_word' id='word_1_221' title='bbox 1100 3117 1225 3196; x_wconf 90' lang='lat' dir='ltr'><strong>passim-</strong></span> 
     </span>
     <span class='ocr_line' id='line_1_27' title="bbox 257 3222 1226 3308; baseline 0.002 -28"><span class='ocrx_word' id='word_1_222' title='bbox 257 3242 316 3303; x_wconf 89' lang='lat' dir='ltr'><strong>que</strong></span> <span class='ocrx_word' id='word_1_223' title='bbox 331 3223 413 3306; x_wconf 84' lang='lat' dir='ltr'><strong>apud</strong></span> <span class='ocrx_word' id='word_1_224' title='bbox 427 3227 585 3308; x_wconf 81' lang='lat' dir='ltr'><strong>scriptores</strong></span> <span class='ocrx_word' id='word_1_225' title='bbox 599 3224 689 3304; x_wconf 90' lang='lat' dir='ltr'><strong>alios,</strong></span> <span class='ocrx_word' id='word_1_226' title='bbox 710 3223 823 3305; x_wconf 86' lang='lat' dir='ltr'><strong>aquilas</strong></span> <span class='ocrx_word' id='word_1_227' title='bbox 844 3222 982 3302; x_wconf 81' lang='lat' dir='ltr'><strong>distingui</strong></span> <span class='ocrx_word' id='word_1_228' title='bbox 997 3243 1014 3280; x_wconf 88' lang='lat' dir='ltr'><strong>a</strong></span> <span class='ocrx_word' id='word_1_229' title='bbox 1029 3224 1133 3281; x_wconf 84' lang='lat' dir='ltr'><strong>catoris</strong></span> <span class='ocrx_word' id='word_1_230' title='bbox 1148 3222 1226 3282; x_wconf 83' lang='lat' dir='ltr'><strong>urili-</strong></span> 
     </span>
     <span class='ocr_line' id='line_1_28' title="bbox 256 3306 1225 3416; baseline 0 -28"><span class='ocrx_word' id='word_1_231' title='bbox 256 3306 369 3393; x_wconf 73' lang='lat' dir='ltr'><strong>taribus</strong></span> <span class='ocrx_word' id='word_1_232' title='bbox 390 3334 494 3413; x_wconf 82' lang='lat' dir='ltr'><strong>signis,</strong></span> <span class='ocrx_word' id='word_1_233' title='bbox 514 3354 592 3416; x_wconf 89' lang='lat' dir='ltr'><strong>quae</strong></span> <span class='ocrx_word' id='word_1_234' title='bbox 612 3352 675 3391; x_wconf 81' lang='lat' dir='ltr'><strong>esse</strong></span> <span class='ocrx_word' id='word_1_235' title='bbox 696 3341 835 3414; x_wconf 85' lang='lat' dir='ltr'><strong>poteraut</strong></span> <span class='ocrx_word' id='word_1_236' title='bbox 849 3329 970 3408; x_wconf 79' lang='lat' dir='ltr'><strong>vexilla,</strong></span> <span class='ocrx_word' id='word_1_237' title='bbox 989 3339 1079 3410; x_wconf 87' lang='lat' dir='ltr'><strong>atquc</strong></span> <span class='ocrx_word' id='word_1_238' title='bbox 1094 3327 1168 3407; x_wconf 87' lang='lat' dir='ltr'><strong>alia,</strong></span> <span class='ocrx_word' id='word_1_239' title='bbox 1187 3328 1225 3389; x_wconf 91' lang='lat' dir='ltr'><strong>de</strong></span> 
     </span>
     <span class='ocr_line' id='line_1_29' title="bbox 255 3434 1182 3518; baseline 0.001 -24"><span class='ocrx_word' id='word_1_240' title='bbox 255 3436 364 3518; x_wconf 86' lang='lat' dir='ltr'><strong>quibus</strong></span> <span class='ocrx_word' id='word_1_241' title='bbox 385 3439 450 3499; x_wconf 85' lang='lat' dir='ltr'><strong>fuse</strong></span> <span class='ocrx_word' id='word_1_242' title='bbox 470 3441 620 3504; x_wconf 87' lang='lat' dir='ltr'><strong>Manutius</strong></span> <span class='ocrx_word' id='word_1_243' title='bbox 642 3438 680 3497; x_wconf 91' lang='lat' dir='ltr'><strong>ad</strong></span> <span class='ocrx_word' id='word_1_244' title='bbox 701 3438 781 3498; x_wconf 91' lang='lat' dir='ltr'><strong>hunc</strong></span> <span class='ocrx_word' id='word_1_245' title='bbox 802 3437 901 3496; x_wconf 85' lang='lat' dir='ltr'><strong>locum</strong></span> <span class='ocrx_word' id='word_1_246' title='bbox 924 3446 955 3495; x_wconf 88' lang='lat' dir='ltr'><strong>ct</strong></span> <span class='ocrx_word' id='word_1_247' title='bbox 975 3434 1049 3495; x_wconf 83' lang='lat' dir='ltr'><strong>Plio.</strong></span> <span class='ocrx_word' id='word_1_248' title='bbox 1072 3435 1130 3513; x_wconf 82' lang='grc' dir='ltr'>ΙΙΙ,</span> <span class='ocrx_word' id='word_1_249' title='bbox 1153 3437 1182 3495; x_wconf 84' lang='grc'><strong>3.</strong></span> 
     </span>
    </p>

    <p class='ocr_par' dir='ltr' id='par_1_13' title="bbox 215 3540 1226 3942">
     <span class='ocr_line' id='line_1_30' title="bbox 215 3540 1226 3625; baseline 0.003 -24"><span class='ocrx_word' id='word_1_250' title='bbox 215 3540 255 3602; x_wconf 75' lang='lat'><strong>25</strong></span> <span class='ocrx_word' id='word_1_251' title='bbox 276 3542 447 3625; x_wconf 82' lang='lat' dir='ltr'><strong>Schiitzius,</strong></span> <span class='ocrx_word' id='word_1_252' title='bbox 469 3568 506 3606; x_wconf 88' lang='lat' dir='ltr'><strong>ex</strong></span> <span class='ocrx_word' id='word_1_253' title='bbox 527 3549 698 3606; x_wconf 88' lang='lat' dir='ltr'><strong>coniectura</strong></span> <span class='ocrx_word' id='word_1_254' title='bbox 718 3546 861 3622; x_wconf 81' lang='lat' dir='ltr'><strong>Munatii,</strong></span> <span class='ocrx_word' id='word_1_255' title='bbox 881 3542 969 3603; x_wconf 84' lang='lat' dir='ltr'><strong>XVI</strong></span> <span class='ocrx_word' id='word_1_256' title='bbox 982 3542 1053 3602; x_wconf 80' lang='lat' dir='ltr'><strong>Kal.</strong></span> <span class='ocrx_word' id='word_1_257' title='bbox 1076 3542 1148 3602; x_wconf 85' lang='lat' dir='ltr'><strong>Mai</strong></span> <span class='ocrx_word' id='word_1_258' title='bbox 1154 3567 1166 3615; x_wconf 87' lang='lat'><strong>,·</strong></span> <span class='ocrx_word' id='word_1_259' title='bbox 1190 3555 1226 3604; x_wconf 92' lang='lat' dir='ltr'><strong>ut</strong></span> 
     </span>
     <span class='ocr_line' id='line_1_31' title="bbox 253 3649 1223 3736; baseline 0.004 -29"><span class='ocrx_word' id='word_1_260' title='bbox 253 3651 413 3730; x_wconf 85' lang='lat' dir='ltr'><strong>postridie,</strong></span> <span class='ocrx_word' id='word_1_261' title='bbox 434 3675 523 3733; x_wconf 86' lang='lat' dir='ltr'><strong>quarn</strong></span> <span class='ocrx_word' id='word_1_262' title='bbox 545 3666 627 3736; x_wconf 80' lang='lat' dir='ltr'><strong>gesta</strong></span> <span class='ocrx_word' id='word_1_263' title='bbox 649 3674 694 3713; x_wconf 91' lang='lat' dir='ltr'><strong>rcs</strong></span> <span class='ocrx_word' id='word_1_264' title='bbox 715 3664 775 3734; x_wconf 89' lang='lat' dir='ltr'><strong>est,</strong></span> <span class='ocrx_word' id='word_1_265' title='bbox 799 3653 946 3734; x_wconf 83' lang='lat' dir='ltr'><strong>scripserit</strong></span> <span class='ocrx_word' id='word_1_266' title='bbox 967 3649 1072 3710; x_wconf 84' lang='lat' dir='ltr'><strong>Galba.</strong></span> <span class='ocrx_word' id='word_1_267' title='bbox 1102 3651 1178 3710; x_wconf 81' lang='lat' dir='ltr'><strong>Nam</strong></span> <span class='ocrx_word' id='word_1_268' title='bbox 1201 3654 1223 3711; x_wconf 89' lang='lat' dir='ltr'><strong>si</strong></span> 
     </span>
     <span class='ocr_line' id='line_1_32' title="bbox 254 3752 1224 3842; baseline 0.009 -29"><span class='ocrx_word' id='word_1_269' title='bbox 254 3752 327 3814; x_wconf 76' lang='lat' dir='ltr'><strong>XII</strong></span> <span class='ocrx_word' id='word_1_270' title='bbox 343 3761 518 3840; x_wconf 84' lang='lat' dir='ltr'><strong>scripsisset,</strong></span> <span class='ocrx_word' id='word_1_271' title='bbox 544 3760 573 3821; x_wconf 89' lang='lat' dir='ltr'><strong>h.</strong></span> <span class='ocrx_word' id='word_1_272' title='bbox 595 3783 621 3821; x_wconf 88' lang='lat' dir='ltr'><strong>e.</strong></span> <span class='ocrx_word' id='word_1_273' title='bbox 648 3758 810 3842; x_wconf 84' lang='lat' dir='ltr'><strong>quatriduo</strong></span> <span class='ocrx_word' id='word_1_274' title='bbox 830 3770 899 3842; x_wconf 80' lang='lat' dir='ltr'><strong>post</strong></span> <span class='ocrx_word' id='word_1_275' title='bbox 918 3757 1080 3840; x_wconf 83' lang='lat' dir='ltr'><strong>proelium,</strong></span> <span class='ocrx_word' id='word_1_276' title='bbox 1109 3756 1224 3838; x_wconf 82' lang='lat' dir='ltr'><strong>aliquid</strong></span> 
     </span>
     <span class='ocr_line' id='line_1_33' title="bbox 256 3854 925 3942; baseline 0.006 -20"><span class='ocrx_word' id='word_1_277' title='bbox 256 3860 293 3935; x_wconf 84' lang='lat' dir='ltr'><strong>de</strong></span> <span class='ocrx_word' id='word_1_278' title='bbox 314 3862 428 3926; x_wconf 84' lang='lat' dir='ltr'><strong>Pansae</strong></span> <span class='ocrx_word' id='word_1_279' title='bbox 450 3866 621 3929; x_wconf 77' lang='lat' dir='ltr'><strong>vulneribus</strong></span> <span class='ocrx_word' id='word_1_280' title='bbox 642 3869 769 3942; x_wconf 77' lang='lat' dir='ltr'><strong>dixisset.</strong></span> <span class='ocrx_word' id='word_1_281' title='bbox 922 3854 925 3859; x_wconf 42' lang='grc'>’</span> 
     </span>
    </p>
   </div>
   <div class='ocr_carea' id='block_1_7' title="bbox 0 0 1316 4830">
    <p class='ocr_par' dir='ltr' id='par_1_14' title="bbox 0 0 1316 4830">
     <span class='ocr_line' id='line_1_34' title="bbox 0 0 1316 4830; baseline 0 1"><span class='ocrx_word' id='word_1_282' title='bbox 0 0 1316 4830; x_wconf 95' lang='lat' dir='ltr'><strong> </strong></span> 
     </span>
    </p>
   </div>
  </div>
 </body>
</html>
