2624 4830
220 430 294 506 272
588 423 760 476 EPll‘l'OUt
787 428 835 476 Ν.
1001 425 1033 474 Α.
1051 429 1085 476 V.
1102 429 1131 476 (l.
1150 443 1198 492 ps·

217 555 342 631 pamm
367 553 493 601 sanum
519 526 617 601 illum
642 528 800 629 quiidcm,
825 526 888 600 sed
915 541 1031 600 tamen
1049 529 1221 631 nobilem,

218 679 291 757 quo
316 666 581 753 concurrerent,
605 653 703 756 quod
720 654 853 726 faciunt
869 652 979 725 nihilo
998 656 1133 756 minus,
1156 659 1220 731 sed

217 796 298 854 cum
324 778 550 853 alienandum
576 786 602 852 a¹
623 804 660 852 re
684 778 827 880 publica
852 805 925 852 non
951 781 1131 880 putabam.
1157 785 1218 856 Fi·

217 932 298 980 nem
326 907 392 980 leci
416 907 490 980 eius
516 905 659 980 ferendi.
692 898 869 1007 Coeperat
901 905 993 978 enim
1019 934 1095 980 esse
1122 921 1218 984 tanta

217 1031 421 1132 insolentia,
439 1047 479 1105 ut
496 1033 672 1105 neminem
689 1031 838 1138 liberum
856 1030 1007 1105 duceret
1034 1035 1076 1105 Iu
1097 1033 1219 1108 Planci

218 1185 304 1235 vero
330 1186 434 1234 causa
459 1159 587 1234 exarsit
612 1157 808 1232 incredibili
840 1156 979 1258 dolore,
1010 1185 1218 1262 mecumque

216 1312 284 1387 per
313 1285 461 1370 biduum
493 1287 542 1359 ita
575 1285 780 1385 contendit,
809 1298 846 1358 et
871 1311 892 1359 a
917 1311 974 1358 me
1006 1286 1059 1387 ita
1088 1286 1218 1362 fractus

216 1425 290 1512 eat,
315 1425 357 1485 ut
380 1438 461 1486 eum
486 1413 523 1485 in
555 1426 764 1514 perpetuum
799 1410 1048 1485 modestiorem
1079 1439 1218 1514 sperem

215 1537 301 1616 lore.
324 1540 442 1642 Atque
467 1539 507 1612 in
531 1538 599 1612 hac
623 1540 853 1613 contentione
884 1539 978 1639 ipsa,
1009 1565 1118 1640 quum
1144 1566 1219 1613 ma-

101 1672 107 1684 '
214 1665 308 1741 xime
332 1691 388 1740 res
411 1678 570 1766 ageretur
595 1691 625 1738 a.
652 1663 738 1738 d.·V
755 1662 806 1737 Id.
832 1662 960 1764 April,
985 1663 1106 1738 literae
1131 1665 1216 1738 mibi

213 1793 253 1866 iu
276 1806 401 1868 senatu
424 1792 582 1867 redditae
599 1806 683 1866 sunt
699 1817 720 1865 a
736 1789 890 1865 Lentulo
907 1804 1047 1891 nostro,
1073 1791 1117 1864 dc
1135 1794 1217 1866 Cas-

214 1919 284 2020 sio,
309 1920 354 1994 dc
379 1919 594 2020 legionibus,
625 1918 670 1994 de
702 1918 819 2019 Syria:
851 1943 938 2019 quas
963 1919 1083 1991 statim
1109 1945 1216 2020 quum

213 2045 468 2146 mutavissent,
494 2045 621 2121 cecidit
638 2044 819 2120 Servilius:
846 2042 1044 2146 complures
1061 2058 1217 2145 praeter-

215 2198 267 2246 ea.
292 2173 384 2248 Sunt
407 2175 501 2247 enirn
529 2174 682 2272 insignes
700 2171 851 2275 aliquot,
876 2170 935 2273 qui
960 2170 1216 2273 improbissime

214 2299 385 2372 annuunt:
410 2299 474 2372 sed
496 2299 717 2374 acerbissime
733 2298 814 2372 tulit
830 2296 1012 2398 Servilius,
1036 2322 1216 2371 assensum

214 2448 291 2496 esse
315 2422 400 2498 milri
427 2424 471 2497 de
496 2425 642 2499 Planco.
667 2425 835 2524 Magnum
861 2421 950 2497 illud
967 2437 1162 2498 monstrum
1178 2424 1215 2495 in

214 2573 253 2622 ne
277 2549 420 2650 publica
445 2564 499 2623 est
513 2551 529 2578 '
543 2549 587 2579 “

404 2722 496 2782 Deest
516 2719 606 2781 huius
626 2721 771 2803 epistolae
792 2742 862 2804 pars
882 2729 1023 2782 extrema.

694 3045 738 3118 V·
954 3083 1010 3143 (Ad
1026 3084 1089 3130 ttrnt.
1106 3084 1141 3139 u,
1156 3081 1191 3142 4)

213 3230 434 3305 Argumentum.
455 3224 627 3309 Respondet
653 3224 738 3286 Bruti
760 3224 853 3284 literis
880 3222 917 3282 dc
939 3222 1031 3283 Cassii
1060 3231 1090 3280 et
1117 3217 1213 3300 Dola-4

253 3314 348 3392 bellac
368 3330 460 3394 rebus
481 3335 510 3394 iu
536 3335 619 3406 Asia,
641 3345 671 3395 ct
691 3332 728 3394 dc
743 3332 873 3394 Atrtouio
895 3332 1070 3391 sententium
1092 3323 1212 3388 consul·

253 3447 300 3498 tus
320 3437 432 3500 scribit.
