2624 4830
216 410 288 487 350
570 434 741 484 errsroca
765 436 866 485 xxrn.
993 431 1026 481 s.
1042 435 1076 481 v.
1094 436 1123 483 c.
1141 447 1190 496 ,ιο

215 550 461 637 tempestatem
487 536 649 633 dixerim,
674 561 747 609 non
772 562 810 609 es
834 534 975 608 oblitus.
1000 535 1130 633 Magna
1156 562 1217 636 pe·

216 664 280 739 stis
304 676 379 737 erat
405 661 550 763 depulsa
576 689 639 761 per
664 687 743 759 vos,
766 686 890 759 magna
916 659 1039 760 populi
1065 661 1216 734 Romani

215 786 352 863 macula
371 786 502 886 deleta3
526 786 628 860 vobis
645 812 729 860 vero
747 800 846 887 parta
865 786 983 859 divina
1001 785 1126 885 gloria,
1151 786 1216 859 sed

216 916 488 990 instrumentum
513 914 610 1012 regni
629 911 782 986 delatum
800 911 845 985 ad
861 912 1035 1012 Lepidum
1053 927 1089 986 et
1105 914 1215 987 Anto·

215 1041 331 1115 nium:
356 1066 505 1142 quorum
523 1038 610 1113 alter
626 1040 900 1137 inconstantior,
926 1038 1014 1113 alter
1030 1040 1214 1138 impurior,

214 1182 362 1271 uterque
385 1193 510 1268 pacem
526 1180 704 1266 metuens,
728 1167 888 1239 inimicus
905 1166 990 1239 otio.
1007 1165 1072 1238 His
1092 1164 1214 1239 arden·

215 1293 310 1369 tibus
336 1292 592 1395 perturbandae
617 1294 668 1366 rei
693 1291 854 1392 publicae
879 1292 1091 1393 cupiditate,
1115 1290 1213 1394 quod

216 1423 352 1522 opponi
369 1434 490 1521 posset
506 1419 735 1519 praesidium,
752 1445 825 1492 non
841 1418 1067 1494 habebamus.
1086 1422 1213 1494 Erexe-

214 1560 272 1621 rat
296 1548 390 1619 enim
415 1572 452 1619 se
479 1546 617 1644 civitas,
641 1547 678 1619 in
694 1545 876 1619 retinenda
892 1545 1053 1619 libertate
1070 1571 1214 1620 consen·

214 1674 314 1747 tiens.
339 1673 413 1746 Nos
439 1687 514 1746 tum
539 1672 643 1746 nimis
668 1698 782 1771 acres,
808 1698 886 1770 vos,
911 1673 1057 1747 sortasse
1074 1674 1211 1774 sapien·

213 1801 300 1899 tius,
326 1800 522 1873 excessistis
538 1798 625 1872 urbe
642 1825 700 1898 ea,
725 1825 830 1901 quam
855 1799 1066 1899 liberaretis,
1091 1800 1211 1874 Italiae

213 1953 276 2002 sua
299 1927 400 2001 vobis
418 1926 534 2000 studia
551 1928 731 2027 profitenti
748 1926 936 2000 remisistis.
962 1928 1083 2029 Itaque
1104 1954 1210 2028 quum

213 2055 324 2127 teneri
349 2053 472 2127 urbem
498 2080 517 2127 a
544 2054 727 2154 parricidis
753 2053 928 2150 viderem,
954 2079 1019 2127 nec
1045 2068 1079 2127 te
1101 2056 1137 2127 in
1154 2081 1210 2151 ea,

212 2206 279 2254 nec
304 2182 463 2255 Cassium
490 2193 568 2253 tuto
593 2207 668 2254 esse
693 2206 814 2281 posse,
844 2206 990 2282 eamque
1017 2183 1120 2255 armis
1147 2208 1209 2282 op·

212 2332 367 2406 pressam
394 2305 438 2380 ab
456 2308 629 2381 Antonio:
656 2306 742 2379 milri
767 2334 907 2409 quoque
932 2310 999 2407 ipsi
1018 2335 1093 2382 esse
1111 2335 1210 2381 exce-

213 2431 368 2504 dendum
395 2434 527 2532 putavi.
561 2434 707 2508 Tetrum
740 2436 832 2507 enim
864 2436 1120 2535 spectaculum,
1146 2464 1210 2537 op·

211 2585 330 2658 pressa
349 2558 393 2631 ab
411 2561 529 2659 impiis
547 2562 688 2659 civitas,
707 2560 903 2660 opitulandi
921 2577 1097 2663 potestate
1115 2591 1210 2664 prae·

212 2686 291 2759 cisa.
318 2684 388 2756 Sed
413 2687 549 2758 animus
575 2686 685 2783 idem,
711 2691 770 2788 qui
796 2715 933 2789 semper
958 2691 1083 2763 infixus
1105 2693 1210 2764 estin

210 2810 343 2912 patriae
369 2813 530 2909 caritate,
557 2812 746 2885 discessum
773 2814 817 2886 ab
843 2818 916 2887 eius
942 2817 1105 2915 periculis
1123 2817 1209 2889 ferre

210 2962 283 3010 non
300 2937 425 3038 potuit.
451 2940 574 3040 Itaque
601 2941 637 3011 in
657 2940 772 3014 medio
791 2943 945 3015 Achaico
963 2971 1084 3042 cursu,
1102 2971 1208 3045 quum

208 3064 406 3139 Etesiarum
426 3066 547 3140 diebus
566 3071 693 3143 Auster
711 3097 766 3142 me
783 3076 819 3141 in
839 3070 994 3169 Italiam,
1020 3074 1118 3172 quasi
1140 3071 1208 3143 dis-

210 3216 331 3265 suasor
356 3195 424 3264 mei
442 3195 594 3293 consilii,
622 3197 811 3295 retulisset,
839 3213 871 3270 te
898 3199 968 3270 viui
988 3198 1127 3296 Veliae,
1146 3198 1208 3269 do-

208 3316 326 3420 luique
352 3321 585 3395 veliementer.
615 3325 774 3397 Cedebas
801 3327 911 3422 enim,
943 3328 1072 3423 Brute,
1107 3325 1208 3397 cede·

208 3442 289 3541 bas,
312 3452 475 3546 quonium
496 3449 602 3522 Stoici
622 3454 733 3523 nostri
751 3467 879 3548 negant
895 3452 1013 3549 sugere
1031 3454 1206 3551 sapientis.

209 3571 375 3669 Romam,
410 3590 448 3645 nt
474 3580 569 3671 verri,
599 3580 717 3650 statim
744 3606 799 3650 me
826 3579 937 3651 obtuli
963 3581 1109 3652 Antonii
1134 3606 1207 3651 sce-

209 3695 271 3768 leri
291 3714 394 3798 atque
413 3702 625 3775 clementiae:
653 3731 755 3804 quern
783 3732 890 3805 quum
908 3709 943 3777 in
964 3733 1018 3778 mc
1036 3707 1208 3777 incitaris·

210 3850 298 3918 sem,
325 3828 465 3898 consilia
503 3832 587 3903 inire
623 3834 741 3931 coepi,
772 3832 916 3905 Brutina
952 3833 1055 3932 plane
1082 3832 1207 3916 (vestri

211 3953 301 4022 enim
336 3950 421 4026 lraec
449 3972 529 4029 sunt
556 3960 696 4058 propria
724 3963 936 4057 sauguinis).
964 3964 1010 4033 rei
1046 3960 1206 4061 publicae
