2624 4830
233 402 304 497 314
598 421 768 472 urasroun
795 424 850 472 xv.
1011 421 1041 470 Δ.
1060 426 1092 472 v.
1110 426 1139 473 c.
1157 438 1206 491 ,ιο

229 525 412 627 heredem,
435 523 620 625 pecuniam
646 522 806 599 debuerit
830 520 969 623 civitas,
993 549 1068 599 non
1093 541 1149 603 est
1165 528 1229 603 du·

228 652 343 727 bium:
368 677 480 754 neque
500 650 736 751 Dyrrhachini
753 650 967 724 infitiantur:
992 650 1055 725 sed
1077 652 1146 727 sibi
1163 654 1228 730 do·

229 792 352 853 nutum
385 804 442 851 aes
474 777 626 851 alienum
651 803 672 850 a
696 777 845 851 Caesare
878 775 1009 850 dicunt
1042 777 1126 853 Noli
1152 782 1227 880 pati

231 906 477 982 successeriis
510 905 578 977 tuis
609 904 805 977 necessario
839 928 916 977 meo
950 904 1115 978 iniuriam
1144 907 1228 981 lieri.

231 1032 342 1106 xvll
365 1031 442 1106 Kal.
467 1032 543 1104 Iun.
569 1055 612 1103 ex
636 1029 757 1103 eastris
783 1027 828 1102 ad
856 1030 964 1104 imam
996 1029 1227 1108 Candaviam.

683 1432 785 1508 XVI·
987 1473 1209 1534 (sanutus)

229 1613 448 1693 Amatnentum.
478 1609 651 1697 Respondet
675 1610 819 1692 epistolae
841 1609 880 1672 de
902 1608 1078 1673 cohortibus
1099 1615 1232 1697 quinque

269 1742 287 1781 u
307 1718 467 1780 Dolabella
481 1721 510 1778 io
526 1717 748 1779 Cherronesum
763 1716 876 1790 missis,
896 1719 1021 1800 eiusque
1048 1717 1231 1782 dementiam

270 1828 413 1898 miratur,
433 1836 463 1887 et
481 1824 567 1887 Bruti
595 1824 755 1886 eonsilium
776 1823 815 1885 de
834 1845 871 1885 eo
890 1824 1099 1908 persequendo
1120 1825 1231 1891 laudat

271 1934 306 1995 ln
332 1932 484 1995 seditionis
514 1930 690 1994 auctoribus
717 1930 901 1993 dimittendis
928 1931 1118 1994 elementiam
1145 1932 1233 1994 Bruti

272 2038 479 2125 reprehendit,
499 2050 529 2101 et
549 2060 618 2101 suus
638 2041 670 2100 in
690 2039 856 2100 Antonium
876 2040 1037 2099 invectivus
1058 2038 1202 2101 defendit

397 2274 450 2328 Sos.
469 2275 562 2326 bomne
580 2273 610 2326 Δ.
628 2271 661 2324 V.
679 2271 709 2324 C.
728 2270 832 2338 bccx,
851 2270 913 2327 xlv
933 2271 992 2323 Kal.
1012 2270 1070 2325 lnn.

551 2470 695 2533 ClCEllO
724 2470 856 2534 BRVTO
882 2470 913 2532 S.

283 2674 419 2775 Scripta
444 2690 481 2746 et
506 2675 686 2773 obsignata
715 2678 783 2748 iarn
810 2676 974 2775 epistola,
999 2674 1119 2749 literae
1146 2675 1231 2750 mihi

233 2800 390 2876 redditae
415 2815 534 2874 sunta
554 2817 605 2899 te,
633 2800 758 2901 plenae
775 2829 891 2876 rerum
908 2828 1097 2900 novenum,
1123 2804 1233 2877 maxi-

233 2953 358 3030 meque
383 2926 603 3000 mirabilium.
636 2927 855 3002 Dolabellam
887 2930 1041 3030 quinque
1066 2928 1232 3003 cohortes

234 3055 366 3129 misisse
390 3056 427 3127 in
452 3053 729 3128 Cherronesum?
757 3055 902 3129 Adeone
920 3057 1030 3155 copiis
1056 3054 1237 3154 abundat,

234 3195 274 3256 ut
298 3182 344 3280 is,
369 3183 429 3284 qui
445 3207 488 3255 ex
504 3182 585 3255 Asia
604 3183 720 3281 lugere
746 3181 944 3281 dicebatur,
968 3184 1149 3281 Europam
1168 3209 1236 3282 ap·

233 3321 353 3409 petere
379 3307 547 3381 conetnrl
572 3310 736 3412 Quinque
766 3323 882 3381 antem
914 3307 1117 3381 cohortibus
1143 3307 1230 3408 quid

234 3461 271 3507 se
296 3460 378 3507 nam
396 3434 567 3507 facturum
586 3433 770 3508 arbitratus
796 3450 864 3532 est,
889 3461 996 3536 quunr
1014 3448 1053 3505 tu
1070 3459 1112 3505 eo
1131 3434 1228 3534 quin·

234 3587 301 3661 que
326 3559 500 3659 legiones,
524 3562 695 3661 optimum
722 3563 933 3662 equitatum,
960 3560 1109 3631 maxime
1136 3560 1228 3632 auxi·

232 3685 279 3759 lia
304 3685 469 3760 haberesl
495 3714 581 3788 quas
606 3687 747 3789 quidem
765 3688 926 3761 cohortes
943 3711 1047 3786 spero
1064 3688 1135 3759 iam
1157 3700 1235 3759 tuas

233 3838 326 3910 esse,
359 3815 523 3914 quoniam
549 3812 639 3887 latro
664 3813 721 3887 ille
747 3829 818 3887 tam
844 3814 909 3886 fuit
933 3814 1086 3886 demens.
1110 3813 1231 3886 Tuum

235 3937 418 4015 eonsilium
435 3939 660 4015 vehementer
678 3940 784 4014 laudo
793 3997 803 4040 ,
819 3942 915 4043 qnod
932 3967 1004 4015 non
1020 3941 1118 4041 prins
1138 3964 1234 4014 exer·
