2624 4830
259 418 325 512 142
577 438 744 487 errorous
771 436 930 487 oeooxxx.
1033 437 1065 485 s.
1078 439 1112 486 v.
1130 439 1160 487 o.
1179 452 1226 503 μ.

431 664 484 717 Sor.
503 662 596 715 Romae
616 665 645 713 t.
663 661 697 718 V.
714 659 743 714 C.
762 659 867 726 mcx,
884 675 970 712 meuse
987 660 1064 712 tirio.

586 855 729 923 cler-:uo
758 856 915 922 PLANCO

302 1047 354 1123 Vt
377 1047 528 1149 primum
552 1045 851 1145 mihi1-potestus
877 1043 958 1117 data
983 1057 1037 1119 est
1067 1049 1246 1146 augendae

254 1175 432 1273 diguitatis
462 1187 559 1271 tuae,
589 1170 676 1243 nihil
701 1170 915 1270 praetermisi
938 1171 976 1242 in
1000 1184 1036 1245 te
1066 1175 1248 1272 ornando,

254 1299 351 1403 quod
374 1300 526 1401 positum
551 1311 667 1370 esset¹
685 1311 747 1369 out
771 1297 808 1369 iu
833 1297 989 1395 praemio
1006 1298 1163 1396 virtutis,
1189 1315 1248 1374 aut

252 1423 447 1498 inhonore
473 1423 666 1495 verborum.
690 1421 734 1496 Id
758 1448 801 1495 ex
825 1423 904 1522 ipso
925 1425 1245 1499 senatusconsulto

253 1552 385 1653 poteris
411 1574 627 1649 cognoscere.
659 1549 713 1622 Ita
738 1548 831 1621 enim
856 1561 909 1621 est
934 1549 1181 1650 perscriptum,
1205 1565 1244 1624 ut

254 1702 285 1750 s
299 1702 355 1749 me
381 1675 424 1748 de
449 1675 582 1775 scripto
615 1672 708 1748 dictu
733 1675 907 1748 sententio
932 1687 986 1748 est
1002 1675 1033 1746 ³:
1059 1701 1166 1776 quam
1190 1702 1243 1749 se-

253 1816 355 1877 uatus
380 1801 540 1905 frequens
565 1815 703 1875 secutus
727 1815 781 1874 est
802 1824 939 1874 summo
963 1800 1080 1876 studio
1098 1827 1243 1901 meguo-

253 1956 322 2032 que
339 1955 518 2004 consensu.
544 1930 620 2028 Ego
638 1953 846 2030 quamquam
863 1952 905 2000 ex
924 1927 991 2001 tuis
1007 1926 1134 2027 literis,
1159 1956 1244 2030 quus

253 2057 340 2151 mihi
364 2055 529 2156 misissit,
552 2080 814 2157 perspexeram,
840 2066 874 2126 te
898 2055 1007 2152 magis
1030 2052 1164 2127 iudicio
1182 2053 1245 2127 bo·

252 2207 396 2282 norum,
420 2209 525 2285 quam
549 2180 740 2279 insignibus
765 2179 892 2279 gloriae
918 2178 1100 2274 delecturi3
1127 2193 1243 2254 tomen

252 2307 543 2381 considerandum
567 2308 696 2382 nobis⁵
714 2306 925 2404 existimavi,
946 2306 1081 2378 etiumsi
1099 2319 1137 2379 tu
1156 2304 1242 2379 nihil

251 2431 464 2532 postulares,
491 2446 657 2534 quantum
685 2432 748 2505 tihi
775 2459 794 2505 a
821 2459 857 2506 re
883 2431 1022 2532 publica
1049 2431 1245 2506 deberetur.

251 2558 308 2631 Tu
334 2572 495 2632 contexes
519 2574 675 2633 extrema
702 2586 782 2632 oum
808 2560 927 2660 primis
945 2561 970 2629 ⁶.
995 2558 1066 2650 Qui
1083 2560 1178 2631 enim
1195 2558 1241 2630 M.

252 2683 441 2757 Antonium
475 2687 703 2785 oppresserit,
735 2687 764 2758 is
788 2684 916 2779 bellum
949 2683 1146 2757 confecerit
1172 2685 1241 2757 Ita·

253 2833 320 2908 que
336 2809 509 2882 Homerus
525 2834 598 2883 uon
609 2812 767 2910 Aiacem,
785 2838 848 2885 uec
861 2809 1047 2926 Achillem,
1066 2809 1129 2883 sed
1141 2807 1243 2909 Vlys·

251 2958 325 3005 sem
349 2934 539 3036 appellavit
563 2940 764 3034 πτολίπορθον
778 2957 802 3010 r.

609 3312 871 3467 Dpccxxxl.
980 3353 1031 3409 (M
1048 3353 1100 3397 nr„
1117 3353 1155 3411 x,
1172 3351 1214 3410 .9)

248 3501 466 3572 Argumentum.
495 3495 668 3554 Grutiaruur
696 3495 842 3554 actionem
864 3490 920 3552 sibi
941 3489 1119 3560 iucundum,
1141 3488 1236 3550 literas

285 3602 397 3659 senatui
421 3611 519 3678 grutus
533 3599 623 3660 titisse
636 3599 802 3681 siguificat,
822 3611 852 3662 et
872 3609 906 3660 ut
926 3598 1067 3680 reliquias
1081 3596 1152 3660 betti
1166 3616 1235 3657 sou·

285 3702 381 3777 ficiet,
401 3705 550 3767 hortatur.
