2624 4830
219 390 289 465 332
579 410 750 462 crissoni
774 412 843 460 xix.
989 393 1027 458 Ἀ.
1044 412 1078 463 v.
1098 414 1126 464 c.
1144 427 1192 478 μα

216 529 258 588 ut
283 514 407 587 caritas
433 509 622 583 liberorum
649 515 832 586 amiciores
856 525 1018 612 parentes
1037 516 1084 586 rei
1101 516 1218 615 publi-

217 666 280 714 cae
306 637 477 712 redderet.
509 640 631 738 Itaque
656 638 812 740 Lepidus
838 635 986 710 crudelis
1012 640 1048 710 in
1074 639 1218 741 liberos,

217 766 362 863 nonis,
388 765 447 864 qui
476 763 651 863 Lepidum
681 763 820 837 hostem
850 762 990 835 iudicat.
1015 766 1132 870 Atque
1159 766 1217 839 ille

218 892 265 990 si,
290 891 393 972 armis
418 890 560 988 positis,
592 888 636 962 de
661 892 697 962 vi
723 889 908 962 damnatus
941 902 1049 987 esset,
1083 916 1155 992 quo
1180 892 1216 964 in

215 1018 345 1092 iudicio
363 1031 457 1089 certe
475 1016 711 1089 defensionem
731 1043 803 1090 non
821 1015 981 1114 liaberet,
997 1014 1143 1088 eandem
1162 1042 1218 1090 ca·

214 1143 408 1216 lamitatem
434 1142 591 1215 subirent
608 1142 727 1240 liberi,
754 1142 856 1214 bonis
875 1140 1070 1241 publicatis.
1087 1143 1218 1233 Quam·

216 1295 321 1370 quam
347 1268 445 1370 quod
479 1282 539 1340 tua
574 1281 685 1341 mater
717 1283 753 1340 et
785 1293 885 1341 soror
920 1268 1128 1366 deprecatur
1151 1294 1217 1368 pro

214 1395 348 1493 pueris,
378 1393 415 1465 id
441 1395 556 1492 ipsum
583 1407 619 1465 et
644 1393 752 1465 multa
787 1393 852 1466 alia
888 1393 1085 1466 crudeliora
1111 1393 1217 1468 nobis

215 1518 378 1591 omnibus
402 1519 575 1618 Lepidus,
599 1520 800 1614 Antonios,
814 1533 850 1591 et
875 1519 999 1620 reliqui
1016 1518 1134 1592 hostes
1153 1519 1217 1593 de·

177 1718 180 1723 ,
215 1645 388 1716 nuntiant.
413 1646 536 1744 Itaque
561 1646 746 1716 maximam
773 1671 872 1744 spem
894 1645 963 1717 hoc
980 1660 1138 1746 tempore
1155 1644 1218 1719 ha·

215 1768 339 1842 bemus
364 1770 402 1842 in
433 1785 485 1865 te,
519 1783 623 1871 atque
656 1772 810 1844 exercitu
844 1785 914 1844 tuo.
950 1772 1069 1863 Quum
1095 1771 1141 1845 ad
1167 1774 1218 1847 rei

96 1896 99 1905 '
216 1895 379 1997 publicae
406 1923 595 1996 summam,
621 1913 696 1970 tum
722 1898 767 1971 ad
794 1897 938 1996 gloriam
956 1912 993 1970 ct
1011 1899 1219 1998 dignitatem

217 2035 316 2095 tuam
340 2023 566 2097 vehementer
591 2029 762 2124 pertinet,
788 2039 822 2097 te
847 2025 883 2098 in
908 2023 1062 2123 ltaliam,
1080 2040 1120 2098 ut
1136 2039 1218 2098 ante

217 2151 359 2250 scripsi,
393 2153 509 2223 venire
544 2179 648 2251 quam
681 2154 842 2252 primum.
875 2155 966 2250 Eget
992 2154 1085 2224 enim
1112 2151 1219 2224 vehe-

181 2370 186 2379 ι
216 2290 353 2348 menter
379 2303 485 2376 quum
512 2278 644 2351 viribus
670 2280 756 2376 tuis,
781 2293 855 2351 tom
877 2280 981 2351 etiam
1000 2276 1146 2351 consilio
1164 2304 1243 2351 res-

217 2400 367 2500 publica.
393 2403 576 2500 Veterem,
610 2430 676 2504 pro
709 2406 781 2476 eins
815 2431 894 2502 erga
921 2418 956 2477 te
981 2402 1219 2479 benivolentia

219 2525 451 2627 singularique
490 2529 625 2626 officio,
655 2528 804 2603 libenter
829 2557 870 2603 ex
896 2532 965 2603 tuis
990 2529 1096 2603 literis
1122 2555 1220 2604 com-

218 2651 341 2752 plexus
360 2680 452 2724 suni:
480 2682 628 2755 eumque
655 2683 761 2756 quum
789 2658 857 2755 tui,
882 2672 957 2730 tum
984 2659 1030 2732 rei
1057 2655 1220 2756 publicae

218 2776 510 2851 studiosissimum
528 2783 871 2884 amantissimumque
890 2783 1049 2881 cognovi.
1074 2783 1220 2856 Cicero·

217 2928 300 2974 nem
323 2930 438 2977 meum
457 2907 679 3006 propediem,
704 2921 743 2979 ut
768 2935 890 3008 spero,
914 2907 1053 2981 videbo.
1079 2908 1217 2980 Tecum

218 3028 310 3100 enim
336 3029 451 3131 illum,
475 3047 512 3105 et
535 3047 571 3106 te
595 3034 632 3106 in
657 3033 792 3107 Italiam
826 3033 984 3110 celeriter
1016 3060 1091 3106 esse
1131 3059 1221 3106 ven·

218 3167 333 3229 turum
361 3159 512 3231 confido.

669 3415 754 3488 XX·
961 3455 1011 3514 (Aa
1028 3455 1090 3500 ofni.
1107 3455 1133 3514 r,
1153 3455 1198 3510 13)

215 3589 434 3666 Argiuuentum.
461 3592 588 3652 Liberos
608 3594 714 3675 Lepidi
736 3592 940 3665 commendet,
961 3592 1078 3673 sibique
1099 3604 1134 3655 nt
1159 3591 1223 3653 hoc

256 3695 358 3768 detur,
379 3709 480 3780 rogat,
498 3721 536 3760 ne
558 3721 591 3760 ex
615 3700 678 3782 lege
700 3723 768 3761 cum
792 3702 826 3763 iis
848 3711 966 3784 agatur.
