2624 4830
173 440 223 516 68
492 459 661 509 ausuum
690 458 838 516 uecevn.
947 454 979 504 t.
1000 456 1033 504 v.
1050 457 1080 506 e
1099 468 1147 520 ,ιο

176 576 251 639 erat
277 578 376 639 vetus
401 575 437 636 et
462 585 624 661 magnus,
655 550 853 666 propterea
877 557 1010 632 nulium
1034 562 1173 662 perieu-

171 689 246 765 lum
263 715 330 792 pm
355 714 412 769 me
437 687 534 768 adim
560 685 746 760 dubitavit
770 683 828 760 Ad
853 684 1092 787 immodicis,
1116 687 1171 761 vei

171 817 296 894 merita
321 814 456 918 potius,
483 812 735 891 iucundissima
766 809 986 891 cousuetudo
1018 811 1170 916 accedit,

172 932 213 1023 ut
230 941 327 1019 nulio
353 968 496 1044 prorsus
520 939 602 1042 plus
626 938 770 1017 homine
795 937 956 1014 delecter.
982 936 1066 1047 Nun
1083 953 1169 1041 puto

172 1071 303 1145 teiam
327 1082 545 1171 exspectate,
575 1064 701 1169 quibus
733 1091 815 1139 eum
840 1063 907 1138 tibi
931 1064 1049 1147 verbis
1074 1091 1170 1149 com·

171 1195 335 1272 mandem
355 1197 380 1269 ⁵.
405 1196 520 1269 Causa
537 1195 631 1268 enim
649 1186 739 1265 tanti
754 1190 883 1265 amoris
898 1190 1064 1290 intelligis
1081 1217 1168 1296 quae

171 1319 278 1395 verba
311 1320 504 1396 desideret:
536 1321 578 1393 iis
609 1343 666 1392 me
699 1316 863 1393 omnibus
895 1342 998 1390 usum
1031 1330 1166 1418 putatu.

170 1443 325 1519 Tantum
342 1445 446 1524 velim
465 1445 657 1543 existimes,
683 1445 713 1517 si
736 1441 878 1543 negotia
903 1443 1066 1544 Lamiae,
1090 1469 1167 1546 pm·

171 1585 364 1672 curatores,
387 1571 531 1653 libertus
548 1574 575 1671 θ,
600 1569 784 1671 familiam,
809 1569 1090 1680 quibuscumque
1114 1596 1166 1646 m·

169 1695 236 1781 bus
260 1724 350 1802 opus
375 1700 457 1799 erit,
482 1696 693 1797 defenderis,
726 1697 856 1798 gratius
881 1696 967 1774 mihi
995 1696 1166 1799 futurum,
1192 1704 1194 1708 ‘

168 1852 273 1927 quam
298 1827 327 1899 si
353 1851 393 1902 ea
411 1837 471 1904 tua
486 1823 701 1902 liberalitati
720 1823 947 1926 pertinuisset
966 1823 1015 1904 ad
1030 1851 1105 1904 rem
1120 1823 1166 1900 fs

167 1949 337 2027 miliarum
363 1978 487 2025 meam.
512 1950 585 2025 Nec
612 1950 757 2049 dubito,
779 1951 864 2053 quin
881 1951 957 2025 siue
973 1976 1053 2027 mea
1071 1976 1165 2026 com·

167 2078 392 2155 mundatione
418 2077 534 2180 (quod
549 2092 650 2152 tuum
667 2091 722 2151 est
737 2077 933 2153 iudicium⁸
951 2075 996 2151 de
1013 2076 1163 2152 homini·

166 2203 250 2296 bus)
267 2207 377 2306 ipsius
400 2206 544 2279 Lamiae
569 2231 674 2282 causa
699 2204 856 2282 studiose
875 2203 993 2278 omnia
1010 2203 1162 2279 factums

167 2332 223 2404 sis.
248 2332 472 2432 Quamquam
497 2345 573 2404 erat
589 2330 691 2405 nobis
715 2329 868 2430 dictum,
892 2343 928 2403 te
953 2330 1163 2433 existimate,

167 2455 270 2530 alicui
293 2470 435 2530 senatus
467 2457 646 2555 consulto,
678 2456 776 2560 quod
801 2471 925 2532 eontra
955 2456 1162 2557 dignitatem

165 2595 263 2658 tuam
288 2583 406 2681 fieret,
429 2582 615 2657 scribendo
641 2585 800 2659 Lamiam
817 2582 985 2684 adduisse3
1009 2586 1072 2687 qui
1088 2610 1163 2660 om-

164 2708 250 2782 nino
275 2707 478 2783 consulibus
503 2709 605 2799 illisa
629 2737 821 2813 numquam
846 2708 912 2790 suit
936 2709 983 2784 ad
1007 2710 1162 2805 seriben-

164 2833 266 2909 dum:
292 2832 419 2909 deinde
443 2837 560 2909 omnia
587 2849 663 2910 tum
691 2836 777 2911 salsa
794 2850 937 2911 senatus
954 2837 1117 2913 consulta
1131 2853 1160 2890 ²⁰

164 2957 416 3035 deferebantur.
452 2962 528 3036 Nisi
563 2963 653 3038 forte
685 2965 791 3041 etiam
820 2962 871 3037 illi
903 2963 1160 3064 Semproniano

161 3099 303 3160 senatus
320 3085 481 3161 consulto
497 3103 525 3140 ¹¹
544 3114 601 3163 me
626 3115 747 3163 cemes
765 3088 930 3163 adfuisse:
955 3091 1014 3193 qui
1032 3116 1080 3165 ue
1095 3091 1161 3166 lio-
1183 3164 1186 3172 .

162 3235 241 3286 mae
266 3212 408 3314 quidem
432 3213 500 3315 fui,
531 3229 571 3288 ut
595 3229 671 3289 tum
697 3215 741 3289 de
766 3242 810 3290 eo
829 3231 860 3268 ¹²
885 3214 932 3288 ad
956 3229 992 3289 te
1017 3218 1159 3319 scripsi,

16 3380 19 3384 ,
160 3363 200 3410 re
223 3341 365 3416 recenti.
390 3339 461 3414 Sed
485 3339 573 3421 haec
598 3341 777 3416 haetenus.
806 3343 877 3443 Te,
900 3342 949 3414 mi
975 3342 1158 3445 Comitiei²

161 3463 265 3536 etiam
290 3479 395 3569 atque
420 3468 525 3546 etiam
551 3493 655 3571 rogo,
679 3482 719 3541 ut
743 3470 862 3549 omnia
885 3469 1029 3550 Lamiae
1053 3494 1158 3570 nego·

160 3586 210 3661 tia
226 3612 304 3662 mea
320 3604 423 3691 putes
439 3617 514 3665 esse
520 3621 531 3692 ;
556 3619 742 3698 curesque,
759 3609 799 3669 ut
815 3594 1002 3698 intelligat,
1019 3595 1112 3671 hanc
1126 3597 1155 3659 ¹³

161 3717 503 3796 commendationem
535 3723 688 3796 maximo
720 3720 788 3796 sibi
819 3723 897 3800 usui
929 3722 1043 3798 fuisse.
1076 3723 1155 3810 Hos

159 3836 246 3932 mihi
270 3840 399 3940 gratim
424 3842 536 3923 tacere
561 3846 647 3926 nihii
671 3861 783 3949 potes.
809 3850 916 3948 Cura,
940 3862 981 3931 ut
1006 3847 1133 3931 valeat.
