<?xml version="1.0" encoding="UTF-8"?>
<!DOCTYPE html PUBLIC "-//W3C//DTD XHTML 1.0 Transitional//EN"
    "http://www.w3.org/TR/xhtml1/DTD/xhtml1-transitional.dtd">
<html xmlns="http://www.w3.org/1999/xhtml" xml:lang="en" lang="en">
 <head>
  <title>
</title>
<meta http-equiv="Content-Type" content="text/html;charset=utf-8" />
  <meta name='ocr-system' content='tesseract 3.04.00' />
  <meta name='ocr-capabilities' content='ocr_page ocr_carea ocr_par ocr_line ocrx_word'/>
</head>
<body>
  <div class='ocr_page' id='page_1' title='image "./mtulliiciceroni17cicegoog_0669.png"; bbox 0 0 2624 4830; ppageno 0'>
   <div class='ocr_carea' id='block_1_1' title="bbox 427 409 1139 493">
    <p class='ocr_par' dir='ltr' id='par_1_1' title="bbox 427 409 1139 493">
     <span class='ocr_line' id='line_1_1' title="bbox 427 409 1139 493; baseline 0 -9"><span class='ocrx_word' id='word_1_1' title='bbox 427 478 433 493; x_wconf 80' lang='grc'><strong><em>,</em></strong></span> <span class='ocrx_word' id='word_1_2' title='bbox 551 432 723 485; x_wconf 78' lang='lat' dir='ltr'>nortnrn</span> <span class='ocrx_word' id='word_1_3' title='bbox 912 453 917 461; x_wconf 93' lang='lat'><em>·</em></span> <span class='ocrx_word' id='word_1_4' title='bbox 1065 409 1139 486; x_wconf 82' lang='lat'>665</span> 
     </span>
    </p>
   </div>
   <div class='ocr_carea' id='block_1_2' title="bbox 160 532 1126 1053">
    <p class='ocr_par' dir='ltr' id='par_1_2' title="bbox 160 532 1126 1053">
     <span class='ocr_line' id='line_1_2' title="bbox 215 532 1124 609; baseline -0.003 -16"><span class='ocrx_word' id='word_1_5' title='bbox 215 535 325 604; x_wconf 80' lang='lat' dir='ltr'>XVIII,</span> <span class='ocrx_word' id='word_1_6' title='bbox 344 533 426 603; x_wconf 87' lang='lat' dir='ltr'>XIX,</span> <span class='ocrx_word' id='word_1_7' title='bbox 449 534 519 602; x_wconf 89' lang='lat' dir='ltr'>XX,</span> <span class='ocrx_word' id='word_1_8' title='bbox 543 534 612 591; x_wconf 85' lang='lat' dir='ltr'>XXI</span> <span class='ocrx_word' id='word_1_9' title='bbox 630 547 658 592; x_wconf 85' lang='lat' dir='ltr'>et</span> <span class='ocrx_word' id='word_1_10' title='bbox 675 532 772 600; x_wconf 85' lang='lat' dir='ltr'>XXII,</span> <span class='ocrx_word' id='word_1_11' title='bbox 795 532 844 608; x_wconf 83' lang='lat' dir='ltr'>qui</span> <span class='ocrx_word' id='word_1_12' title='bbox 863 532 995 609; x_wconf 74' lang='lat' dir='ltr'>epistolas</span> <span class='ocrx_word' id='word_1_13' title='bbox 1014 533 1050 590; x_wconf 80' lang='lat' dir='ltr'>nd</span> <span class='ocrx_word' id='word_1_14' title='bbox 1069 537 1124 592; x_wconf 82' lang='lat' dir='ltr'>Att.</span> 
     </span>
     <span class='ocr_line' id='line_1_3' title="bbox 216 621 1126 699; baseline -0.004 -17"><span class='ocrx_word' id='word_1_15' title='bbox 216 638 243 682; x_wconf 89' lang='lat' dir='ltr'>et</span> <span class='ocrx_word' id='word_1_16' title='bbox 263 627 298 696; x_wconf 89' lang='lat' dir='ltr'>Q.</span> <span class='ocrx_word' id='word_1_17' title='bbox 317 625 429 682; x_wconf 88' lang='lat' dir='ltr'>l&#39;ratrem</span> <span class='ocrx_word' id='word_1_18' title='bbox 452 624 596 681; x_wconf 86' lang='lat' dir='ltr'>continere</span> <span class='ocrx_word' id='word_1_19' title='bbox 620 622 760 681; x_wconf 85' lang='lat' dir='ltr'>debebant</span> <span class='ocrx_word' id='word_1_20' title='bbox 765 662 775 689; x_wconf 92' lang='lat'>‚</span> <span class='ocrx_word' id='word_1_21' title='bbox 793 631 822 678; x_wconf 87' lang='lat' dir='ltr'>et</span> <span class='ocrx_word' id='word_1_22' title='bbox 840 622 926 678; x_wconf 88' lang='lat' dir='ltr'>ceteri</span> <span class='ocrx_word' id='word_1_23' title='bbox 943 633 1008 699; x_wconf 89' lang='lat' dir='ltr'>post</span> <span class='ocrx_word' id='word_1_24' title='bbox 1024 621 1126 690; x_wconf 86' lang='lat' dir='ltr'>XXIV,</span> 
     </span>
     <span class='ocr_line' id='line_1_4' title="bbox 217 708 1124 791; baseline -0.007 -20"><span class='ocrx_word' id='word_1_25' title='bbox 217 732 301 791; x_wconf 86' lang='lat' dir='ltr'>opera</span> <span class='ocrx_word' id='word_1_26' title='bbox 320 712 378 770; x_wconf 87' lang='lat' dir='ltr'>l&#39;ere</span> <span class='ocrx_word' id='word_1_27' title='bbox 390 711 484 769; x_wconf 84' lang='lat' dir='ltr'>omnis</span> <span class='ocrx_word' id='word_1_28' title='bbox 494 710 690 789; x_wconf 86' lang='lat' dir='ltr'>philosophica</span> <span class='ocrx_word' id='word_1_29' title='bbox 704 722 732 767; x_wconf 92' lang='lat' dir='ltr'>et</span> <span class='ocrx_word' id='word_1_30' title='bbox 741 709 878 766; x_wconf 82' lang='lat' dir='ltr'>rethorice</span> <span class='ocrx_word' id='word_1_31' title='bbox 891 708 995 775; x_wconf 91' lang='lat' dir='ltr'>daturi,</span> <span class='ocrx_word' id='word_1_32' title='bbox 1014 708 1124 766; x_wconf 78' lang='lat' dir='ltr'><strong>desunt.</strong></span> 
     </span>
     <span class='ocr_line' id='line_1_5' title="bbox 160 795 1124 876; baseline -0.005 -19"><span class='ocrx_word' id='word_1_33' title='bbox 160 798 224 857; x_wconf 82' lang='lat' dir='ltr'>XII</span> <span class='ocrx_word' id='word_1_34' title='bbox 243 800 281 858; x_wconf 84' lang='lat' dir='ltr'>tt.</span> <span class='ocrx_word' id='word_1_35' title='bbox 300 795 335 855; x_wconf 79' lang='grc' dir='ltr'>Τ.</span> <span class='ocrx_word' id='word_1_36' title='bbox 354 799 497 857; x_wconf 73' lang='lat' dir='ltr'>Ciceronis</span> <span class='ocrx_word' id='word_1_37' title='bbox 517 798 620 876; x_wconf 86' lang='lat' dir='ltr'>Opera.</span> <span class='ocrx_word' id='word_1_38' title='bbox 638 797 811 874; x_wconf 76' lang='lat' dir='ltr'>Recognovit</span> <span class='ocrx_word' id='word_1_39' title='bbox 831 797 1005 853; x_wconf 70' lang='lat' dir='ltr'>Christianus</span> <span class='ocrx_word' id='word_1_40' title='bbox 1023 795 1124 854; x_wconf 87' lang='lat' dir='ltr'>Godos.</span> 
     </span>
     <span class='ocr_line' id='line_1_6' title="bbox 218 885 894 965; baseline -0.007 -21"><span class='ocrx_word' id='word_1_41' title='bbox 218 888 328 946; x_wconf 82' lang='lat' dir='ltr'>Scblitn.</span> <span class='ocrx_word' id='word_1_42' title='bbox 348 886 460 965; x_wconf 79' lang='lat' dir='ltr'><strong>Lipsiae</strong></span> <span class='ocrx_word' id='word_1_43' title='bbox 483 887 566 959; x_wconf 76' lang='lat'>1814,</span> <span class='ocrx_word' id='word_1_44' title='bbox 589 887 673 954; x_wconf 76' lang='lat'>1821,</span> <span class='ocrx_word' id='word_1_45' title='bbox 691 906 728 943; x_wconf 85' lang='lat' dir='ltr'>no</span> <span class='ocrx_word' id='word_1_46' title='bbox 746 885 800 943; x_wconf 83' lang='lat' dir='ltr'>rol.</span> <span class='ocrx_word' id='word_1_47' title='bbox 819 885 850 941; x_wconf 91' lang='lat' dir='ltr'>in</span> <span class='ocrx_word' id='word_1_48' title='bbox 869 885 894 940; x_wconf 85' lang='lat'>8.</span> 
     </span>
     <span class='ocr_line' id='line_1_7' title="bbox 160 972 1125 1053; baseline -0.004 -21"><span class='ocrx_word' id='word_1_49' title='bbox 160 975 237 1032; x_wconf 83' lang='lat' dir='ltr'>xtn.</span> <span class='ocrx_word' id='word_1_50' title='bbox 257 975 385 1033; x_wconf 79' lang='lat' dir='ltr'>Oeunes</span> <span class='ocrx_word' id='word_1_51' title='bbox 404 975 555 1053; x_wconf 71' lang='lat' dir='ltr'>completes</span> <span class='ocrx_word' id='word_1_52' title='bbox 567 974 603 1032; x_wconf 88' lang='lat' dir='ltr'>de</span> <span class='ocrx_word' id='word_1_53' title='bbox 615 975 652 1032; x_wconf 88' lang='lat' dir='ltr'>M.</span> <span class='ocrx_word' id='word_1_54' title='bbox 664 977 698 1031; x_wconf 87' lang='grc' dir='ltr'>Τ.</span> <span class='ocrx_word' id='word_1_55' title='bbox 713 975 832 1030; x_wconf 78' lang='lat' dir='ltr'>Ciceron</span> <span class='ocrx_word' id='word_1_56' title='bbox 848 972 984 1029; x_wconf 88' lang='lat' dir='ltr'>traduites</span> <span class='ocrx_word' id='word_1_57' title='bbox 1000 992 1036 1030; x_wconf 90' lang='lat' dir='ltr'>en</span> <span class='ocrx_word' id='word_1_58' title='bbox 1052 973 1125 1030; x_wconf 83' lang='lat' dir='ltr'>irau-</span> 
     </span>
    </p>
   </div>
   <div class='ocr_carea' id='block_1_3' title="bbox 159 1051 1156 2373">
    <p class='ocr_par' dir='ltr' id='par_1_3' title="bbox 217 1051 1156 1218">
     <span class='ocr_line' id='line_1_8' title="bbox 218 1051 1156 1140; baseline -0.005 -19"><span class='ocrx_word' id='word_1_59' title='bbox 218 1063 274 1139; x_wconf 79' lang='lat' dir='ltr'>cais</span> <span class='ocrx_word' id='word_1_60' title='bbox 293 1083 360 1121; x_wconf 83' lang='lat' dir='ltr'>avec</span> <span class='ocrx_word' id='word_1_61' title='bbox 381 1063 408 1120; x_wconf 92' lang='lat' dir='ltr'>le</span> <span class='ocrx_word' id='word_1_62' title='bbox 431 1075 505 1121; x_wconf 85' lang='lat' dir='ltr'>texte</span> <span class='ocrx_word' id='word_1_63' title='bbox 527 1083 563 1121; x_wconf 88' lang='lat' dir='ltr'>en</span> <span class='ocrx_word' id='word_1_64' title='bbox 586 1063 693 1140; x_wconf 80' lang='lat' dir='ltr'>regsrd</span> <span class='ocrx_word' id='word_1_65' title='bbox 718 1051 832 1120; x_wconf 77' lang='lat' dir='ltr'>Edition</span> <span class='ocrx_word' id='word_1_66' title='bbox 855 1060 972 1139; x_wconf 65' lang='lat' dir='ltr'>publice</span> <span class='ocrx_word' id='word_1_67' title='bbox 994 1080 1045 1137; x_wconf 90' lang='lat' dir='ltr'>par</span> <span class='ocrx_word' id='word_1_68' title='bbox 1067 1062 1122 1117; x_wconf 89' lang='lat' dir='ltr'>Ios.</span> <span class='ocrx_word' id='word_1_69' title='bbox 1145 1079 1156 1098; x_wconf 71' lang='lat'><strong>.</strong></span> 
     </span>
     <span class='ocr_line' id='line_1_9' title="bbox 217 1149 925 1218; baseline -0.004 -9"><span class='ocrx_word' id='word_1_70' title='bbox 217 1151 314 1209; x_wconf 91' lang='lat' dir='ltr'>Victor</span> <span class='ocrx_word' id='word_1_71' title='bbox 330 1150 454 1209; x_wconf 85' lang='lat' dir='ltr'>Leclerc.</span> <span class='ocrx_word' id='word_1_72' title='bbox 473 1151 551 1209; x_wconf 86' lang='lat' dir='ltr'>Paris</span> <span class='ocrx_word' id='word_1_73' title='bbox 574 1151 657 1218; x_wconf 84' lang='lat'>1825,</span> <span class='ocrx_word' id='word_1_74' title='bbox 675 1150 731 1208; x_wconf 82' lang='lat' dir='ltr'>vol.</span> <span class='ocrx_word' id='word_1_75' title='bbox 750 1151 833 1206; x_wconf 80' lang='lat' dir='ltr'>XXX</span> <span class='ocrx_word' id='word_1_76' title='bbox 850 1150 880 1207; x_wconf 91' lang='lat' dir='ltr'>in</span> <span class='ocrx_word' id='word_1_77' title='bbox 900 1149 925 1206; x_wconf 87' lang='lat'>8.</span> 
     </span>
    </p>

    <p class='ocr_par' dir='ltr' id='par_1_4' title="bbox 159 1226 1124 2283">
     <span class='ocr_line' id='line_1_10' title="bbox 159 1226 1122 1316; baseline -0.003 -21"><span class='ocrx_word' id='word_1_78' title='bbox 159 1237 236 1296; x_wconf 89' lang='lat' dir='ltr'>XIV.</span> <span class='ocrx_word' id='word_1_79' title='bbox 256 1237 359 1315; x_wconf 82' lang='lat' dir='ltr'>Opera.</span> <span class='ocrx_word' id='word_1_80' title='bbox 378 1237 551 1316; x_wconf 75' lang='lat' dir='ltr'>Recognorit</span> <span class='ocrx_word' id='word_1_81' title='bbox 562 1239 602 1296; x_wconf 92' lang='lat' dir='ltr'>Io.</span> <span class='ocrx_word' id='word_1_82' title='bbox 616 1241 698 1316; x_wconf 87' lang='lat' dir='ltr'>Casp.</span> <span class='ocrx_word' id='word_1_83' title='bbox 710 1226 842 1296; x_wconf 83' lang='lat' dir='ltr'>Orelliui.</span> <span class='ocrx_word' id='word_1_84' title='bbox 862 1238 959 1296; x_wconf 86' lang='lat' dir='ltr'>Turici</span> <span class='ocrx_word' id='word_1_85' title='bbox 975 1235 1045 1294; x_wconf 77' lang='lat'>1826</span> <span class='ocrx_word' id='word_1_86' title='bbox 1061 1253 1122 1313; x_wconf 87' lang='lat' dir='ltr'>sqq.</span> 
     </span>
     <span class='ocr_line' id='line_1_11' title="bbox 216 1324 1123 1405; baseline -0.001 -23"><span class='ocrx_word' id='word_1_87' title='bbox 216 1324 271 1382; x_wconf 82' lang='lat' dir='ltr'>vol.</span> <span class='ocrx_word' id='word_1_88' title='bbox 284 1325 333 1394; x_wconf 94' lang='lat' dir='ltr'>IV,</span> <span class='ocrx_word' id='word_1_89' title='bbox 351 1326 527 1384; x_wconf 87' lang='lat' dir='ltr'>tom.V11in</span> <span class='ocrx_word' id='word_1_90' title='bbox 541 1330 566 1399; x_wconf 71' lang='grc'>4.</span> <span class='ocrx_word' id='word_1_91' title='bbox 591 1326 682 1384; x_wconf 80' lang='lat' dir='ltr'>Huius</span> <span class='ocrx_word' id='word_1_92' title='bbox 695 1330 894 1405; x_wconf 75' lang='lat' dir='ltr'>sptrrsurdrns</span> <span class='ocrx_word' id='word_1_93' title='bbox 912 1325 1043 1384; x_wconf 74' lang='lat' dir='ltr'>editionis</span> <span class='ocrx_word' id='word_1_94' title='bbox 1060 1324 1123 1403; x_wconf 88' lang='lat' dir='ltr'>pnl-</span> 
     </span>
     <span class='ocr_line' id='line_1_12' title="bbox 217 1412 1122 1493; baseline -0.002 -24"><span class='ocrx_word' id='word_1_95' title='bbox 217 1413 385 1470; x_wconf 89' lang='lat' dir='ltr'>cberrimurn</span> <span class='ocrx_word' id='word_1_96' title='bbox 409 1414 552 1493; x_wconf 83' lang='lat' dir='ltr'>exemplar</span> <span class='ocrx_word' id='word_1_97' title='bbox 575 1415 611 1471; x_wconf 86' lang='lat' dir='ltr'>nd</span> <span class='ocrx_word' id='word_1_98' title='bbox 636 1433 681 1471; x_wconf 89' lang='lat' dir='ltr'>me</span> <span class='ocrx_word' id='word_1_99' title='bbox 705 1415 780 1470; x_wconf 93' lang='lat' dir='ltr'>dono</span> <span class='ocrx_word' id='word_1_100' title='bbox 805 1414 878 1470; x_wconf 89' lang='lat' dir='ltr'>misit</span> <span class='ocrx_word' id='word_1_101' title='bbox 905 1413 954 1469; x_wconf 83' lang='lat' dir='ltr'>uir¹</span> <span class='ocrx_word' id='word_1_102' title='bbox 970 1413 1005 1470; x_wconf 88' lang='lat' dir='ltr'>cl.</span> <span class='ocrx_word' id='word_1_103' title='bbox 1029 1413 1069 1469; x_wconf 88' lang='lat' dir='ltr'>Io.</span> <span class='ocrx_word' id='word_1_104' title='bbox 1090 1412 1122 1468; x_wconf 90' lang='lat' dir='ltr'>C.</span> 
     </span>
     <span class='ocr_line' id='line_1_13' title="bbox 217 1500 1123 1579; baseline -0.002 -23"><span class='ocrx_word' id='word_1_105' title='bbox 217 1500 357 1569; x_wconf 86' lang='lat' dir='ltr'>Orellius‚</span> <span class='ocrx_word' id='word_1_106' title='bbox 382 1502 508 1579; x_wconf 81' lang='lat' dir='ltr'>mihique</span> <span class='ocrx_word' id='word_1_107' title='bbox 531 1503 661 1559; x_wconf 79' lang='lat' dir='ltr'>affinitate</span> <span class='ocrx_word' id='word_1_108' title='bbox 686 1502 840 1558; x_wconf 82' lang='lat' dir='ltr'>studiorum</span> <span class='ocrx_word' id='word_1_109' title='bbox 871 1500 1123 1558; x_wconf 84' lang='lat' dir='ltr'>coniunctissimus.</span> 
     </span>
     <span class='ocr_line' id='line_1_14' title="bbox 218 1587 1124 1666; baseline 0.001 -23"><span class='ocrx_word' id='word_1_110' title='bbox 218 1587 275 1644; x_wconf 87' lang='lat' dir='ltr'>Sed</span> <span class='ocrx_word' id='word_1_111' title='bbox 293 1608 378 1665; x_wconf 89' lang='lat' dir='ltr'>quum</span> <span class='ocrx_word' id='word_1_112' title='bbox 393 1590 526 1666; x_wconf 83' lang='lat' dir='ltr'>epistolae</span> <span class='ocrx_word' id='word_1_113' title='bbox 543 1590 580 1647; x_wconf 87' lang='lat' dir='ltr'>ad</span> <span class='ocrx_word' id='word_1_114' title='bbox 597 1592 719 1648; x_wconf 85' lang='lat' dir='ltr'>Atticum</span> <span class='ocrx_word' id='word_1_115' title='bbox 740 1590 832 1646; x_wconf 74' lang='lat' dir='ltr'>adhuc</span> <span class='ocrx_word' id='word_1_116' title='bbox 852 1588 1061 1656; x_wconf 78' lang='lat' dir='ltr'>desiderentur,</span> <span class='ocrx_word' id='word_1_117' title='bbox 1078 1609 1124 1645; x_wconf 90' lang='lat' dir='ltr'>ce·</span> 
     </span>
     <span class='ocr_line' id='line_1_15' title="bbox 218 1675 1124 1752; baseline -0.001 -21"><span class='ocrx_word' id='word_1_118' title='bbox 218 1688 347 1752; x_wconf 89' lang='lat' dir='ltr'>teraeque</span> <span class='ocrx_word' id='word_1_119' title='bbox 371 1677 406 1733; x_wconf 82' lang='lat' dir='ltr'>sd</span> <span class='ocrx_word' id='word_1_120' title='bbox 431 1678 563 1735; x_wconf 83' lang='lat' dir='ltr'>Diversus</span> <span class='ocrx_word' id='word_1_121' title='bbox 587 1678 668 1736; x_wconf 82' lang='lat' dir='ltr'>etad</span> <span class='ocrx_word' id='word_1_122' title='bbox 687 1680 722 1750; x_wconf 90' lang='lat' dir='ltr'>Q.</span> <span class='ocrx_word' id='word_1_123' title='bbox 743 1680 853 1735; x_wconf 82' lang='lat' dir='ltr'>srstrem</span> <span class='ocrx_word' id='word_1_124' title='bbox 878 1697 941 1735; x_wconf 87' lang='lat' dir='ltr'>sero</span> <span class='ocrx_word' id='word_1_125' title='bbox 965 1675 1034 1733; x_wconf 84' lang='lat' dir='ltr'>milti</span> <span class='ocrx_word' id='word_1_126' title='bbox 1060 1675 1124 1732; x_wconf 90' lang='lat' dir='ltr'>red·</span> 
     </span>
     <span class='ocr_line' id='line_1_16' title="bbox 216 1763 1124 1842; baseline -0.001 -23"><span class='ocrx_word' id='word_1_127' title='bbox 216 1763 290 1822; x_wconf 85' lang='lat' dir='ltr'>ditae</span> <span class='ocrx_word' id='word_1_128' title='bbox 315 1767 430 1832; x_wconf 81' lang='lat' dir='ltr'>fuerint,</span> <span class='ocrx_word' id='word_1_129' title='bbox 454 1786 541 1842; x_wconf 89' lang='lat' dir='ltr'>quum</span> <span class='ocrx_word' id='word_1_130' title='bbox 564 1768 698 1823; x_wconf 89' lang='lat' dir='ltr'>nimirum</span> <span class='ocrx_word' id='word_1_131' title='bbox 722 1765 834 1823; x_wconf 81' lang='lat' dir='ltr'>iamed</span> <span class='ocrx_word' id='word_1_132' title='bbox 857 1765 1021 1822; x_wconf 83' lang='lat' dir='ltr'>umbilicum</span> <span class='ocrx_word' id='word_1_133' title='bbox 1046 1763 1124 1820; x_wconf 91' lang='lat' dir='ltr'>lucu·</span> 
     </span>
     <span class='ocr_line' id='line_1_17' title="bbox 208 1849 1124 1929; baseline -0.008 -17"><span class='ocrx_word' id='word_1_134' title='bbox 208 1850 358 1912; x_wconf 71' lang='lat' dir='ltr'>‚bretioncs</span> <span class='ocrx_word' id='word_1_135' title='bbox 383 1867 465 1909; x_wconf 78' lang='lat' dir='ltr'>meae</span> <span class='ocrx_word' id='word_1_136' title='bbox 485 1853 637 1929; x_wconf 71' lang='lat' dir='ltr'>perductae</span> <span class='ocrx_word' id='word_1_137' title='bbox 661 1867 753 1920; x_wconf 88' lang='lat' dir='ltr'>erant,</span> <span class='ocrx_word' id='word_1_138' title='bbox 780 1872 838 1910; x_wconf 91' lang='lat' dir='ltr'>non</span> <span class='ocrx_word' id='word_1_139' title='bbox 862 1852 979 1908; x_wconf 90' lang='lat' dir='ltr'>multum</span> <span class='ocrx_word' id='word_1_140' title='bbox 1004 1849 1124 1907; x_wconf 76' lang='lat' dir='ltr'>subsidii</span> 
     </span>
     <span class='ocr_line' id='line_1_18' title="bbox 216 1941 1124 2017; baseline -0.004 -21"><span class='ocrx_word' id='word_1_141' title='bbox 216 1953 310 2016; x_wconf 85' lang='lat' dir='ltr'>petere</span> <span class='ocrx_word' id='word_1_142' title='bbox 330 1941 365 1997; x_wconf 89' lang='lat' dir='ltr'>ab</span> <span class='ocrx_word' id='word_1_143' title='bbox 385 1961 419 1997; x_wconf 92' lang='lat' dir='ltr'>eo</span> <span class='ocrx_word' id='word_1_144' title='bbox 438 1941 523 1998; x_wconf 88' lang='lat' dir='ltr'>licuit.</span> <span class='ocrx_word' id='word_1_145' title='bbox 544 1941 647 1998; x_wconf 77' lang='lat' dir='ltr'>Contra</span> <span class='ocrx_word' id='word_1_146' title='bbox 665 1941 784 1998; x_wconf 92' lang='lat' dir='ltr'>multum</span> <span class='ocrx_word' id='word_1_147' title='bbox 803 1941 1124 2017; x_wconf 78' lang='lat' dir='ltr'>prosueruutssrtsronsn</span> 
     </span>
     <span class='ocr_line' id='line_1_19' title="bbox 215 2015 1122 2090; baseline -0.002 -8"><span class='ocrx_word' id='word_1_148' title='bbox 215 2047 279 2083; x_wconf 78' lang='lat' dir='ltr'>rosr</span> <span class='ocrx_word' id='word_1_149' title='bbox 298 2029 425 2086; x_wconf 80' lang='lat' dir='ltr'>Csrssnrs</span> <span class='ocrx_word' id='word_1_150' title='bbox 443 2049 585 2090; x_wconf 75' lang='lat' dir='ltr'>runnrrvss</span> <span class='ocrx_word' id='word_1_151' title='bbox 604 2031 720 2086; x_wconf 84' lang='lat' dir='ltr'>seorsim</span> <span class='ocrx_word' id='word_1_152' title='bbox 735 2029 826 2086; x_wconf 84' lang='lat' dir='ltr'>editse</span> <span class='ocrx_word' id='word_1_153' title='bbox 846 2027 881 2085; x_wconf 88' lang='lat' dir='ltr'>sb</span> <span class='ocrx_word' id='word_1_154' title='bbox 900 2015 999 2085; x_wconf 85' lang='lat' dir='ltr'>eodem</span> <span class='ocrx_word' id='word_1_155' title='bbox 1013 2025 1122 2084; x_wconf 88' lang='lat' dir='ltr'>Orellio</span> 
     </span>
     <span class='ocr_line' id='line_1_20' title="bbox 216 2113 1124 2176; baseline -0.001 -5"><span class='ocrx_word' id='word_1_156' title='bbox 216 2115 245 2171; x_wconf 92' lang='lat' dir='ltr'>in</span> <span class='ocrx_word' id='word_1_157' title='bbox 264 2117 339 2174; x_wconf 89' lang='lat' dir='ltr'>ealce</span> <span class='ocrx_word' id='word_1_158' title='bbox 364 2117 402 2174; x_wconf 86' lang='lat' dir='ltr'>od</span> <span class='ocrx_word' id='word_1_159' title='bbox 427 2117 579 2176; x_wconf 81' lang='lat' dir='ltr'>Onsrronas</span> <span class='ocrx_word' id='word_1_160' title='bbox 603 2118 715 2175; x_wconf 81' lang='lat' dir='ltr'>Penus.</span> <span class='ocrx_word' id='word_1_161' title='bbox 740 2137 766 2174; x_wconf 86' lang='lat' dir='ltr'>ut</span> <span class='ocrx_word' id='word_1_162' title='bbox 790 2117 829 2173; x_wconf 86' lang='lat' dir='ltr'>tt.</span> <span class='ocrx_word' id='word_1_163' title='bbox 845 2118 1002 2176; x_wconf 81' lang='lat' dir='ltr'>Auroutvsr.</span> <span class='ocrx_word' id='word_1_164' title='bbox 1027 2113 1124 2171; x_wconf 83' lang='lat' dir='ltr'>Tutini</span> 
     </span>
     <span class='ocr_line' id='line_1_21' title="bbox 220 2203 396 2283; baseline 0.006 -23"><span class='ocrx_word' id='word_1_165' title='bbox 220 2203 303 2283; x_wconf 71' lang='lat'>1827,</span> <span class='ocrx_word' id='word_1_166' title='bbox 321 2206 351 2260; x_wconf 91' lang='lat' dir='ltr'>in</span> <span class='ocrx_word' id='word_1_167' title='bbox 371 2205 396 2261; x_wconf 82' lang='grc'>8.</span> 
     </span>
    </p>

    <p class='ocr_par' dir='ltr' id='par_1_5' title="bbox 161 2291 1123 2373">
     <span class='ocr_line' id='line_1_22' title="bbox 161 2291 1123 2373; baseline 0.002 -24"><span class='ocrx_word' id='word_1_168' title='bbox 161 2291 222 2351; x_wconf 87' lang='lat' dir='ltr'>XV.</span> <span class='ocrx_word' id='word_1_169' title='bbox 241 2293 278 2348; x_wconf 88' lang='grc' dir='ltr'>Μ.</span> <span class='ocrx_word' id='word_1_170' title='bbox 297 2294 332 2349; x_wconf 88' lang='grc' dir='ltr'>Τ.</span> <span class='ocrx_word' id='word_1_171' title='bbox 352 2294 495 2352; x_wconf 88' lang='lat' dir='ltr'>Ciceronis</span> <span class='ocrx_word' id='word_1_172' title='bbox 519 2294 698 2373; x_wconf 88' lang='lat' dir='ltr'>epistolarum</span> <span class='ocrx_word' id='word_1_173' title='bbox 719 2294 755 2350; x_wconf 88' lang='lat' dir='ltr'>ad</span> <span class='ocrx_word' id='word_1_174' title='bbox 773 2293 936 2351; x_wconf 81' lang='lat' dir='ltr'>Familiares</span> <span class='ocrx_word' id='word_1_175' title='bbox 954 2291 1022 2349; x_wconf 89' lang='lat' dir='ltr'>libb.</span> <span class='ocrx_word' id='word_1_176' title='bbox 1041 2293 1123 2361; x_wconf 84' lang='lat' dir='ltr'>XVI,</span> 
     </span>
    </p>
   </div>
   <div class='ocr_carea' id='block_1_4' title="bbox 215 2379 1127 2904">
    <p class='ocr_par' dir='ltr' id='par_1_6' title="bbox 215 2379 1127 2904">
     <span class='ocr_line' id='line_1_23' title="bbox 216 2379 1123 2460; baseline 0.002 -25"><span class='ocrx_word' id='word_1_177' title='bbox 216 2379 262 2436; x_wconf 84' lang='lat' dir='ltr'>sol.</span> <span class='ocrx_word' id='word_1_178' title='bbox 275 2381 354 2439; x_wconf 78' lang='lat' dir='ltr'>Hane</span> <span class='ocrx_word' id='word_1_179' title='bbox 366 2383 468 2460; x_wconf 89' lang='lat' dir='ltr'>opinor</span> <span class='ocrx_word' id='word_1_180' title='bbox 478 2402 539 2441; x_wconf 86' lang='lat' dir='ltr'>esse</span> <span class='ocrx_word' id='word_1_181' title='bbox 553 2383 719 2451; x_wconf 88' lang='lat' dir='ltr'>editionem,</span> <span class='ocrx_word' id='word_1_182' title='bbox 738 2402 822 2460; x_wconf 83' lang='lat' dir='ltr'>quem</span> <span class='ocrx_word' id='word_1_183' title='bbox 840 2384 898 2439; x_wconf 86' lang='lat' dir='ltr'>Ios.</span> <span class='ocrx_word' id='word_1_184' title='bbox 909 2381 1037 2440; x_wconf 82' lang='lat' dir='ltr'>Andreas</span> <span class='ocrx_word' id='word_1_185' title='bbox 1055 2381 1123 2458; x_wconf 85' lang='lat' dir='ltr'>Epi·</span> 
     </span>
     <span class='ocr_line' id='line_1_24' title="bbox 215 2461 1123 2547; baseline 0.001 -23"><span class='ocrx_word' id='word_1_186' title='bbox 215 2461 317 2545; x_wconf 91' lang='lat' dir='ltr'>scopus</span> <span class='ocrx_word' id='word_1_187' title='bbox 340 2469 491 2527; x_wconf 87' lang='lat' dir='ltr'>Aleriensis</span> <span class='ocrx_word' id='word_1_188' title='bbox 516 2472 686 2547; x_wconf 76' lang='lat' dir='ltr'>recognovit.</span> <span class='ocrx_word' id='word_1_189' title='bbox 712 2470 783 2527; x_wconf 79' lang='lat' dir='ltr'>Nem</span> <span class='ocrx_word' id='word_1_190' title='bbox 807 2470 868 2528; x_wconf 89' lang='lat' dir='ltr'>eius</span> <span class='ocrx_word' id='word_1_191' title='bbox 893 2469 1004 2526; x_wconf 87' lang='lat' dir='ltr'>initium</span> <span class='ocrx_word' id='word_1_192' title='bbox 1032 2467 1123 2525; x_wconf 89' lang='lat' dir='ltr'>simile</span> 
     </span>
     <span class='ocr_line' id='line_1_25' title="bbox 215 2557 1125 2637; baseline 0.004 -25"><span class='ocrx_word' id='word_1_193' title='bbox 215 2557 329 2614; x_wconf 90' lang='lat' dir='ltr'>omnino</span> <span class='ocrx_word' id='word_1_194' title='bbox 348 2571 390 2615; x_wconf 90' lang='lat' dir='ltr'>est</span> <span class='ocrx_word' id='word_1_195' title='bbox 406 2558 461 2628; x_wconf 88' lang='lat' dir='ltr'>illi,</span> <span class='ocrx_word' id='word_1_196' title='bbox 480 2559 557 2637; x_wconf 87' lang='lat' dir='ltr'>qnod</span> <span class='ocrx_word' id='word_1_197' title='bbox 569 2559 686 2617; x_wconf 90' lang='lat' dir='ltr'>editioni</span> <span class='ocrx_word' id='word_1_198' title='bbox 697 2559 842 2626; x_wconf 79' lang='lat' dir='ltr'>Andreae,</span> <span class='ocrx_word' id='word_1_199' title='bbox 854 2559 962 2616; x_wconf 86' lang='lat' dir='ltr'>Romae</span> <span class='ocrx_word' id='word_1_200' title='bbox 979 2561 1062 2634; x_wconf 70' lang='lat'>1469,</span> <span class='ocrx_word' id='word_1_201' title='bbox 1076 2560 1125 2616; x_wconf 92' lang='lat' dir='ltr'>tri·</span> 
     </span>
     <span class='ocr_line' id='line_1_26' title="bbox 215 2636 1125 2724; baseline 0.007 -25"><span class='ocrx_word' id='word_1_202' title='bbox 215 2643 277 2700; x_wconf 87' lang='lat' dir='ltr'>buit</span> <span class='ocrx_word' id='word_1_203' title='bbox 296 2636 444 2724; x_wconf 79' lang='lat' dir='ltr'>Catalogus</span> <span class='ocrx_word' id='word_1_204' title='bbox 462 2647 653 2705; x_wconf 73' lang='lat' dir='ltr'>bibliothecae</span> <span class='ocrx_word' id='word_1_205' title='bbox 670 2648 745 2704; x_wconf 87' lang='lat' dir='ltr'>Petri</span> <span class='ocrx_word' id='word_1_206' title='bbox 757 2648 872 2704; x_wconf 80' lang='lat' dir='ltr'>Antonii</span> <span class='ocrx_word' id='word_1_207' title='bbox 886 2647 1125 2723; x_wconf 61' lang='lat' dir='ltr'>&amp;longam-Cre·</span> 
     </span>
     <span class='ocr_line' id='line_1_27' title="bbox 216 2734 1126 2813; baseline 0.002 -23"><span class='ocrx_word' id='word_1_208' title='bbox 216 2751 338 2801; x_wconf 78' lang='lat' dir='ltr'>vennae,</span> <span class='ocrx_word' id='word_1_209' title='bbox 355 2754 432 2791; x_wconf 86' lang='lat' dir='ltr'>num.</span> <span class='ocrx_word' id='word_1_210' title='bbox 445 2735 527 2807; x_wconf 72' lang='lat'><strong>5564.</strong></span> <span class='ocrx_word' id='word_1_211' title='bbox 538 2734 695 2813; x_wconf 81' lang='lat' dir='ltr'>Exemplar,</span> <span class='ocrx_word' id='word_1_212' title='bbox 708 2735 785 2812; x_wconf 87' lang='lat' dir='ltr'>quod</span> <span class='ocrx_word' id='word_1_213' title='bbox 801 2755 887 2793; x_wconf 78' lang='lat' dir='ltr'>manu</span> <span class='ocrx_word' id='word_1_214' title='bbox 906 2735 1034 2802; x_wconf 86' lang='lat' dir='ltr'>tractavi,</span> <span class='ocrx_word' id='word_1_215' title='bbox 1052 2734 1126 2792; x_wconf 81' lang='lat' dir='ltr'>banc</span> 
     </span>
     <span class='ocr_line' id='line_1_28' title="bbox 216 2819 1127 2904; baseline 0.008 -29"><span class='ocrx_word' id='word_1_216' title='bbox 216 2819 304 2879; x_wconf 76' lang='lat' dir='ltr'>habes</span> <span class='ocrx_word' id='word_1_217' title='bbox 321 2823 415 2881; x_wconf 79' lang='lat' dir='ltr'>serbis</span> <span class='ocrx_word' id='word_1_218' title='bbox 435 2825 632 2904; x_wconf 86' lang='lat' dir='ltr'>manuscriptis</span> <span class='ocrx_word' id='word_1_219' title='bbox 651 2824 886 2903; x_wconf 86' lang='lat' dir='ltr'>subscriptionem</span> <span class='ocrx_word' id='word_1_220' title='bbox 899 2825 929 2882; x_wconf 92' lang='lat' dir='ltr'>in</span> <span class='ocrx_word' id='word_1_221' title='bbox 942 2837 1063 2883; x_wconf 82' lang='lat' dir='ltr'>extreme</span> <span class='ocrx_word' id='word_1_222' title='bbox 1077 2845 1127 2903; x_wconf 85' lang='lat' dir='ltr'>pa·</span> 
     </span>
    </p>
   </div>
   <div class='ocr_carea' id='block_1_5' title="bbox 215 2910 295 2984">
    <p class='ocr_par' dir='ltr' id='par_1_7' title="bbox 215 2910 295 2984">
     <span class='ocr_line' id='line_1_29' title="bbox 215 2910 295 2984; baseline -0.013 -18"><span class='ocrx_word' id='word_1_223' title='bbox 215 2910 295 2984; x_wconf 75' lang='lat' dir='ltr'>gittet</span> 
     </span>
    </p>
   </div>
   <div class='ocr_carea' id='block_1_6' title="bbox 274 3037 1009 3112">
    <p class='ocr_par' dir='ltr' id='par_1_8' title="bbox 274 3037 1009 3112">
     <span class='ocr_line' id='line_1_30' title="bbox 274 3037 1009 3112; baseline 0.007 -24"><span class='ocrx_word' id='word_1_224' title='bbox 274 3037 331 3089; x_wconf 84' lang='lat' dir='ltr'>Hoc</span> <span class='ocrx_word' id='word_1_225' title='bbox 348 3038 481 3094; x_wconf 84' lang='lat' dir='ltr'>Conradus</span> <span class='ocrx_word' id='word_1_226' title='bbox 498 3059 563 3112; x_wconf 87' lang='lat' dir='ltr'>opus</span> <span class='ocrx_word' id='word_1_227' title='bbox 580 3041 745 3112; x_wconf 75' lang='lat' dir='ltr'>Suoenbeym</span> <span class='ocrx_word' id='word_1_228' title='bbox 765 3043 856 3095; x_wconf 89' lang='lat' dir='ltr'>ordine</span> <span class='ocrx_word' id='word_1_229' title='bbox 875 3044 941 3095; x_wconf 91' lang='lat' dir='ltr'>miro</span> <span class='ocrx_word' id='word_1_230' title='bbox 959 3051 1009 3096; x_wconf 84' lang='lat' dir='ltr'>etc.</span> 
     </span>
    </p>
   </div>
   <div class='ocr_carea' id='block_1_7' title="bbox 159 3171 1130 4050">
    <p class='ocr_par' dir='ltr' id='par_1_9' title="bbox 215 3171 1129 3512">
     <span class='ocr_line' id='line_1_31' title="bbox 215 3171 1129 3251; baseline 0.009 -26"><span class='ocrx_word' id='word_1_231' title='bbox 215 3175 248 3225; x_wconf 87' lang='lat' dir='ltr'>In</span> <span class='ocrx_word' id='word_1_232' title='bbox 267 3171 349 3228; x_wconf 83' lang='lat' dir='ltr'>domo</span> <span class='ocrx_word' id='word_1_233' title='bbox 368 3177 442 3231; x_wconf 81' lang='lat' dir='ltr'>Petri</span> <span class='ocrx_word' id='word_1_234' title='bbox 459 3175 494 3231; x_wconf 82' lang='lat' dir='ltr'>de</span> <span class='ocrx_word' id='word_1_235' title='bbox 512 3178 639 3232; x_wconf 66' lang='lat' dir='ltr'>Maximo</span> <span class='ocrx_word' id='word_1_236' title='bbox 657 3177 846 3232; x_wconf 71' lang='lat' dir='ltr'>ucccclxm.</span> <span class='ocrx_word' id='word_1_237' title='bbox 866 3178 948 3248; x_wconf 86' lang='lat' dir='ltr'>Quae</span> <span class='ocrx_word' id='word_1_238' title='bbox 967 3195 1055 3251; x_wconf 84' lang='lat' dir='ltr'>quuru</span> <span class='ocrx_word' id='word_1_239' title='bbox 1072 3177 1129 3233; x_wconf 86' lang='lat' dir='ltr'>sint</span> 
     </span>
     <span class='ocr_line' id='line_1_32' title="bbox 215 3262 1127 3340; baseline 0.007 -26"><span class='ocrx_word' id='word_1_240' title='bbox 215 3262 413 3339; x_wconf 81' lang='lat' dir='ltr'>manuscripta,</span> <span class='ocrx_word' id='word_1_241' title='bbox 432 3263 551 3340; x_wconf 83' lang='lat' dir='ltr'>quisque</span> <span class='ocrx_word' id='word_1_242' title='bbox 569 3263 646 3320; x_wconf 84' lang='lat' dir='ltr'>videt</span> <span class='ocrx_word' id='word_1_243' title='bbox 662 3277 765 3340; x_wconf 85' lang='lat' dir='ltr'>quanta</span> <span class='ocrx_word' id='word_1_244' title='bbox 780 3264 815 3320; x_wconf 91' lang='lat' dir='ltr'>iis</span> <span class='ocrx_word' id='word_1_245' title='bbox 826 3263 896 3320; x_wconf 83' lang='lat' dir='ltr'>tides</span> <span class='ocrx_word' id='word_1_246' title='bbox 909 3262 1068 3320; x_wconf 85' lang='lat' dir='ltr'>adhibendo</span> <span class='ocrx_word' id='word_1_247' title='bbox 1083 3264 1127 3320; x_wconf 89' lang='lat' dir='ltr'>sit.</span> 
     </span>
     <span class='ocr_line' id='line_1_33' title="bbox 215 3345 1127 3428; baseline 0.005 -26"><span class='ocrx_word' id='word_1_248' title='bbox 215 3345 306 3405; x_wconf 83' lang='lat' dir='ltr'>Huius</span> <span class='ocrx_word' id='word_1_249' title='bbox 325 3349 480 3407; x_wconf 73' lang='lat' dir='ltr'>rarissimae</span> <span class='ocrx_word' id='word_1_250' title='bbox 499 3349 629 3407; x_wconf 88' lang='lat' dir='ltr'>editionis</span> <span class='ocrx_word' id='word_1_251' title='bbox 642 3352 751 3427; x_wconf 82' lang='lat' dir='ltr'>copiam</span> <span class='ocrx_word' id='word_1_252' title='bbox 765 3351 829 3408; x_wconf 75' lang='lat' dir='ltr'>fecit</span> <span class='ocrx_word' id='word_1_253' title='bbox 841 3349 976 3428; x_wconf 85' lang='lat' dir='ltr'>Princeps</span> <span class='ocrx_word' id='word_1_254' title='bbox 987 3349 1127 3407; x_wconf 73' lang='lat' dir='ltr'>Aetnilius</span> 
     </span>
     <span class='ocr_line' id='line_1_34' title="bbox 215 3433 940 3512; baseline 0.008 -23"><span class='ocrx_word' id='word_1_255' title='bbox 215 3433 400 3511; x_wconf 75' lang='lat' dir='ltr'>belgioiosius</span> <span class='ocrx_word' id='word_1_256' title='bbox 419 3438 541 3494; x_wconf 89' lang='lat' dir='ltr'>Atestius</span> <span class='ocrx_word' id='word_1_257' title='bbox 559 3439 695 3497; x_wconf 78' lang='lat' dir='ltr'>Patricius</span> <span class='ocrx_word' id='word_1_258' title='bbox 714 3437 940 3512; x_wconf 67' lang='lat' dir='ltr'>Mediolanensis,</span> 
     </span>
    </p>

    <p class='ocr_par' dir='ltr' id='par_1_10' title="bbox 159 3521 1130 3871">
     <span class='ocr_line' id='line_1_35' title="bbox 159 3521 1127 3604; baseline 0.005 -25"><span class='ocrx_word' id='word_1_259' title='bbox 159 3521 234 3580; x_wconf 76' lang='lat' dir='ltr'>XVI</span> <span class='ocrx_word' id='word_1_260' title='bbox 254 3524 291 3579; x_wconf 80' lang='lat' dir='ltr'>tt.</span> <span class='ocrx_word' id='word_1_261' title='bbox 311 3525 345 3581; x_wconf 88' lang='grc' dir='ltr'>Τ.</span> <span class='ocrx_word' id='word_1_262' title='bbox 366 3526 509 3584; x_wconf 86' lang='lat' dir='ltr'>Ciceronis</span> <span class='ocrx_word' id='word_1_263' title='bbox 529 3528 662 3604; x_wconf 73' lang='lat' dir='ltr'>epistolae</span> <span class='ocrx_word' id='word_1_264' title='bbox 681 3527 840 3585; x_wconf 73' lang='lat' dir='ltr'>familiares.</span> <span class='ocrx_word' id='word_1_265' title='bbox 859 3529 893 3584; x_wconf 85' lang='lat' dir='ltr'>Iu</span> <span class='ocrx_word' id='word_1_266' title='bbox 912 3527 1003 3585; x_wconf 75' lang='lat' dir='ltr'>calce:</span> <span class='ocrx_word' id='word_1_267' title='bbox 1024 3528 1127 3584; x_wconf 80' lang='lat' dir='ltr'>liemo-</span> 
     </span>
     <span class='ocr_line' id='line_1_36' title="bbox 215 3612 1129 3692; baseline 0.003 -25"><span class='ocrx_word' id='word_1_268' title='bbox 215 3630 273 3667; x_wconf 82' lang='lat' dir='ltr'>ssm</span> <span class='ocrx_word' id='word_1_269' title='bbox 292 3612 338 3669; x_wconf 84' lang='lat' dir='ltr'>sol.</span> <span class='ocrx_word' id='word_1_270' title='bbox 357 3639 376 3665; x_wconf 73' lang='lat' dir='ltr'>ce</span> <span class='ocrx_word' id='word_1_271' title='bbox 395 3616 437 3670; x_wconf 83' lang='lat' dir='ltr'>Ex</span> <span class='ocrx_word' id='word_1_272' title='bbox 455 3616 628 3673; x_wconf 84' lang='lat' dir='ltr'>nitidissimis</span> <span class='ocrx_word' id='word_1_273' title='bbox 648 3617 849 3683; x_wconf 78' lang='lat' dir='ltr'>caracteribus,</span> <span class='ocrx_word' id='word_1_274' title='bbox 873 3615 968 3692; x_wconf 89' lang='lat' dir='ltr'>inquit</span> <span class='ocrx_word' id='word_1_275' title='bbox 989 3616 1042 3672; x_wconf 87' lang='lat' dir='ltr'>Ios.</span> <span class='ocrx_word' id='word_1_276' title='bbox 1062 3616 1129 3671; x_wconf 89' lang='lat' dir='ltr'>Ant.</span> 
     </span>
     <span class='ocr_line' id='line_1_37' title="bbox 215 3699 1130 3782; baseline 0.009 -32"><span class='ocrx_word' id='word_1_277' title='bbox 215 3722 233 3750; x_wconf 71' lang='grc' dir='ltr'><strong><em>κ</em></strong></span> <span class='ocrx_word' id='word_1_278' title='bbox 254 3699 352 3758; x_wconf 83' lang='lat' dir='ltr'>Sarius</span> <span class='ocrx_word' id='word_1_279' title='bbox 372 3701 400 3758; x_wconf 91' lang='lat' dir='ltr'>in</span> <span class='ocrx_word' id='word_1_280' title='bbox 420 3704 490 3760; x_wconf 81' lang='lat' dir='ltr'>ttist.</span> <span class='ocrx_word' id='word_1_281' title='bbox 502 3704 540 3761; x_wconf 90' lang='lat' dir='ltr'>lit.</span> <span class='ocrx_word' id='word_1_282' title='bbox 555 3717 611 3782; x_wconf 69' lang='lat' dir='ltr'>typ.</span> <span class='ocrx_word' id='word_1_283' title='bbox 628 3705 702 3762; x_wconf 86' lang='lat' dir='ltr'>Med.</span> <span class='ocrx_word' id='word_1_284' title='bbox 721 3725 783 3782; x_wconf 83' lang='lat' dir='ltr'>pag.</span> <span class='ocrx_word' id='word_1_285' title='bbox 803 3705 938 3772; x_wconf 88' lang='lat' dir='ltr'>DCXIII,</span> <span class='ocrx_word' id='word_1_286' title='bbox 957 3716 1013 3761; x_wconf 89' lang='lat' dir='ltr'>not.</span> <span class='ocrx_word' id='word_1_287' title='bbox 1034 3704 1072 3772; x_wconf 85' lang='lat' dir='ltr'>tt,</span> <span class='ocrx_word' id='word_1_288' title='bbox 1092 3703 1130 3759; x_wconf 85' lang='lat' dir='ltr'>sa·</span> 
     </span>
     <span class='ocr_line' id='line_1_38' title="bbox 216 3787 1055 3871; baseline 0.007 -27"><span class='ocrx_word' id='word_1_289' title='bbox 216 3812 234 3839; x_wconf 82' lang='lat' dir='ltr'>u</span> <span class='ocrx_word' id='word_1_290' title='bbox 253 3787 305 3845; x_wconf 89' lang='lat' dir='ltr'>cile</span> <span class='ocrx_word' id='word_1_291' title='bbox 324 3791 445 3859; x_wconf 90' lang='lat' dir='ltr'>eruitur,</span> <span class='ocrx_word' id='word_1_292' title='bbox 463 3812 478 3848; x_wconf 90' lang='lat' dir='ltr'>e</span> <span class='ocrx_word' id='word_1_293' title='bbox 497 3793 599 3871; x_wconf 86' lang='lat' dir='ltr'>praelis</span> <span class='ocrx_word' id='word_1_294' title='bbox 619 3795 732 3850; x_wconf 78' lang='lat' dir='ltr'>Antonii</span> <span class='ocrx_word' id='word_1_295' title='bbox 754 3793 849 3851; x_wconf 84' lang='lat' dir='ltr'>Zaroti</span> <span class='ocrx_word' id='word_1_296' title='bbox 869 3793 1017 3871; x_wconf 85' lang='lat' dir='ltr'>prodiisse.</span> <span class='ocrx_word' id='word_1_297' title='bbox 1037 3818 1055 3843; x_wconf 67' lang='grc' dir='ltr'><em>η</em></span> 
     </span>
    </p>

    <p class='ocr_par' dir='ltr' id='par_1_11' title="bbox 161 3873 1130 4050">
     <span class='ocr_line' id='line_1_39' title="bbox 161 3873 1130 3956; baseline 0.004 -26"><span class='ocrx_word' id='word_1_298' title='bbox 161 3873 250 3932; x_wconf 83' lang='lat' dir='ltr'>XVII.</span> <span class='ocrx_word' id='word_1_299' title='bbox 269 3876 306 3933; x_wconf 85' lang='grc' dir='ltr'>Μ.</span> <span class='ocrx_word' id='word_1_300' title='bbox 326 3879 360 3934; x_wconf 90' lang='grc' dir='ltr'>Τ.</span> <span class='ocrx_word' id='word_1_301' title='bbox 380 3879 525 3938; x_wconf 87' lang='lat' dir='ltr'>Ciceronis</span> <span class='ocrx_word' id='word_1_302' title='bbox 549 3882 585 3937; x_wconf 88' lang='lat' dir='ltr'>nd</span> <span class='ocrx_word' id='word_1_303' title='bbox 610 3884 727 3940; x_wconf 81' lang='lat' dir='ltr'>Brutum</span> <span class='ocrx_word' id='word_1_304' title='bbox 753 3897 781 3941; x_wconf 85' lang='lat' dir='ltr'>ct</span> <span class='ocrx_word' id='word_1_305' title='bbox 805 3896 915 3941; x_wconf 89' lang='lat' dir='ltr'>ceteros</span> <span class='ocrx_word' id='word_1_306' title='bbox 934 3881 988 3956; x_wconf 87' lang='lat' dir='ltr'>(ad</span> <span class='ocrx_word' id='word_1_307' title='bbox 1006 3880 1130 3936; x_wconf 86' lang='lat' dir='ltr'>Atticum</span> 
     </span>
     <span class='ocr_line' id='line_1_40' title="bbox 214 3963 1129 4050; baseline 0.009 -32"><span class='ocrx_word' id='word_1_308' title='bbox 214 3963 296 4021; x_wconf 88' lang='lat' dir='ltr'>etad</span> <span class='ocrx_word' id='word_1_309' title='bbox 316 3967 351 4039; x_wconf 89' lang='lat' dir='ltr'>Q.</span> <span class='ocrx_word' id='word_1_310' title='bbox 371 3967 661 4049; x_wconf 63' lang='lat' dir='ltr'>srsttemlepistolae.</span> <span class='ocrx_word' id='word_1_311' title='bbox 686 3972 859 4050; x_wconf 80' lang='lat' dir='ltr'>impressum</span> <span class='ocrx_word' id='word_1_312' title='bbox 882 3970 990 4029; x_wconf 72' lang='lat' dir='ltr'>Rornae</span> <span class='ocrx_word' id='word_1_313' title='bbox 1008 3987 1080 4046; x_wconf 91' lang='lat' dir='ltr'>opus</span> <span class='ocrx_word' id='word_1_314' title='bbox 1099 3967 1129 4026; x_wconf 86' lang='lat' dir='ltr'>iu</span> 
     </span>
    </p>
   </div>
   <div class='ocr_carea' id='block_1_8' title="bbox 0 0 1316 4830">
    <p class='ocr_par' dir='ltr' id='par_1_12' title="bbox 0 0 1316 4830">
     <span class='ocr_line' id='line_1_41' title="bbox 0 0 1316 4830; baseline 0 0"><span class='ocrx_word' id='word_1_315' title='bbox 0 0 1316 4830; x_wconf 95' lang='lat' dir='ltr'> </span> 
     </span>
    </p>
   </div>
  </div>
 </body>
</html>
