2624 4830
444 443 479 489 tn
503 437 686 490 trtsronss
993 421 1059 515 4¹¹

66 545 336 626 4Depugnotum3
357 541 418 602 scil.
445 541 601 625 proelium.
629 540 749 624 Aliquot
775 540 861 602 codd.
889 545 989 627 scripti
1014 545 1066 606 bo·

106 654 179 714 bent
198 672 289 735 quum
309 651 383 711 hacc
404 652 499 732 legen
521 649 604 732 quod
624 661 723 711 tomen
742 649 826 711 maie<
841 653 973 732 iungitur
996 675 1066 716 curn

107 760 278 821 arbitrabar
287 759 368 840 som

66 868 86 929 5
107 869 257 929 Victorius
281 878 312 927 et
336 886 433 947 nuper
454 860 584 926 Orellius
601 864 767 947 percrebuit
773 886 784 937 ‚·
811 884 873 925 non
893 867 955 926 sine
975 865 1066 926 libris.

65 975 87 1035 6
107 977 180 1034 Nam
202 974 307 1035 aberat
327 984 454 1054 uterquc
474 973 592 1050 consul,
614 971 727 1032 Hirtius
742 971 895 1050 apansa,
915 972 954 1034 od
973 973 1066 1033 Muti-

107 1104 175 1143 nam
193 1081 347 1142 obsidione
362 1079 544 1141 liberandam
556 1079 689 1163 profecti.
701 1078 818 1141 Manut.
829 1079 918 1162 lnfro,
928 1079 976 1140 ed.
985 1078 1066 1141 Med.

109 1189 139 1250 d.
160 1189 198 1250 ab
220 1201 324 1249 senatu
343 1201 425 1248 essct.
504 1230 507 1235 -

69 1319 87 1377 7
109 1294 214 1357 Lamb.
234 1297 403 1356 etiamnum.
424 1294 490 1355 Hoc
510 1293 594 1355 dicit:
616 1293 723 1356 Adbuc
740 1305 856 1378 tempus
874 1313 937 1355 non
954 1305 1014 1375 cst,
1032 1304 1067 1354 ut

111 1416 139 1463 te
159 1414 274 1464 senatus
294 1402 458 1463 honoribus
478 1401 617 1463 cumulet
642 1403 717 1462 Nom
737 1424 825 1463 verus
845 1401 942 1463 bonos
962 1401 1068 1463 ‹lecer-

109 1513 191 1571 nitur
209 1521 289 1571 recte
315 1510 413 1593 factis3
441 1522 473 1569 tu
493 1530 565 1570 vero
591 1509 687 1569 solum
713 1508 896 1570 voluntatem
920 1519 1003 1570 recte
1021 1508 1067 1568 fo-

108 1618 220 1699 cicndi,
240 1617 446 1699 iuvandncquc
465 1618 509 1676 rei
529 1615 611 1698 publ.
633 1616 795 1676 ostendisti.

69 1725 89 1786 8
110 1727 191 1804 Non,
212 1739 244 1785 ut
262 1726 382 1785 breviter
402 1724 518 1804 dicam,
546 1733 581 1783 ut
599 1723 734 1805 intelligit
754 1724 920 1801 Graevius,
936 1721 990 1782 sed
1014 1719 1069 1781 dc·

108 1854 204 1910 mum,
224 1842 259 1892 ut
280 1843 310 1892 ct
330 1832 398 1891 olibi
421 1832 537 1891 dicitur.
558 1830 671 1891 burst.

67 1963 89 2023 9
108 1941 146 2000 D.
167 1941 260 2000 Bruto
282 1942 414 2000 Mutinae
435 1939 563 1999 obsesso.

74 2069 109 2124 ¹9
130 2049 270 2125 Quutuor
289 2047 397 2108 Ambb.
419 2067 487 2106 curn
514 2045 582 2107 edd.
607 2068 652 2129 pr.
679 2045 778 2129 efficit.
807 2045 887 2103 Tum
913 2041 1017 2102 Lumb.
1038 2053 1068 2101 et

110 2167 169 2216 tres
189 2159 280 2217 nostri
302 2156 379 2214 IIII
400 2153 471 2215 Kal.
493 2176 562 2214 cum
583 2153 687 2214 iisdem
708 2153 777 2214 cdd.
797 2174 842 2234 pr.
880 2182 882 2186 ⁴

497 2475 639 2536 DCCCV.
935 2516 963 2577 ·

75 2711 85 2749 ι
111 2691 159 2750 Sic
178 2690 328 2751 Victorius
342 2712 379 2751 ex
393 2691 459 2751 cod.
473 2691 580 2752 Medic.
595 2702 625 2752 ct
638 2690 737 2774 vulgo.
759 2688 854 2751 codd.
868 2692 967 2773 scripti
980 2687 1066 2748 multi

110 2819 179 2858 cum
199 2797 267 2859 cdd.
287 2820 332 2880 pr.
354 2810 384 2859 et
402 2799 529 2860 Ernestii
549 2798 675 2879 afferat3
700 2802 784 2881 quasi
805 2797 934 2882 pendeat
959 2820 977 2856 a
1002 2817 1067 2878 sup.

111 2908 153 2964 ita
173 2919 211 2965 ut.
233 2905 294 2966 Sed
314 2918 359 2967 est
378 2910 462 2989 quasi
482 2908 599 2968 iurandi
619 2908 731 2968 formo:
759 2911 800 2968 ito
822 2906 895 2966 mibi
916 2905 1019 2980 detur,
1039 2914 1069 2964 te

114 3013 267 3096 complecti
289 3017 430 3075 victorem
452 3027 681 3098 recuperatore
703 3014 804 3096 publ,
830 3025 865 3073 ut
892 3012 963 3072 mihi
989 3010 1071 3071 nulla

17 3144 25 3159 ·
113 3141 161 3180 res
180 3120 247 3203 plus
267 3120 395 3181 laetitiae
415 3121 529 3202 attulit,
554 3143 645 3202 quom
666 3122 792 3204 dignitas
812 3132 872 3181 tuo.
892 3118 981 3179 Aliud
995 3120 1072 3180 cius·

114 3226 182 3287 dem
212 3229 436 3289 constructionis
466 3229 637 3311 exemplum
665 3229 782 3288 subiicit
808 3228 999 3303 Quartcrius:
1027 3225 1095 3284 lta-

112 3356 162 3395 me
194 3347 290 3395 servet
314 3337 440 3418 Iupiter,
464 3345 499 3395 ut
519 3338 641 3418 propior
661 3335 718 3413 illi,
744 3355 835 3416 quam
861 3354 918 3415 cgo
945 3352 1011 3391 sum
1037 3351 1071 3389 ac

112 3452 161 3523 tu,
182 3464 271 3502 nemo
291 3455 342 3504 cst.

71 3567 90 3606 n
111 3550 194 3608 Duos
214 3553 318 3610 recitat
338 3571 455 3631 causus,
477 3572 531 3611 cur
552 3554 695 3631 gratiores
716 3553 831 3612 senatui
847 3548 956 3610 fuerint
969 3548 1071 3608 literae

111 3657 228 3739 Planci,
253 3658 456 3739 magnitudine
484 3660 594 3720 scilicet
619 3656 833 3719 beneficiorum
861 3661 924 3718 eius
951 3660 981 3715 in
1007 3676 1071 3717 rem

111 3765 212 3847 publ,
233 3776 263 3826 et
283 3768 426 3846 gravitate
439 3767 602 3828 verborum
623 3778 654 3828 et
674 3768 894 3828 sententiarum.
915 3765 1072 3825 Recentio·

112 3893 160 3931 res
180 3893 298 3953 omncs,
321 3887 441 3958 practer
465 3875 575 3937 Scbiitz
601 3885 631 3937 et
651 3874 816 3954 Orellium,
833 3874 997 3956 graviores:
1019 3868 1072 3931 sed

114 3981 246 4063 ineptum
268 3994 311 4042 est
332 3982 446 4065 dicere)
471 3984 571 4046 literas
588 4004 692 4064 graves
713 3983 802 4044 fuisse
821 3981 983 4043 verborum
1006 3999 1072 4038 scn-
