2624 4830
241 393 313 488 doe
610 415 868 470 auuortriours

281 533 372 582 meua
397 530 479 580 uuuu
503 530 532 581 et
553 521 728 607 proprium,
756 533 791 582 ut
814 541 871 606 pro
890 519 1033 584 Marcello
1054 541 1072 582 n
1094 534 1168 586 eru.
1189 525 1247 589 Ed.

282 627 369 688 Rom.
384 637 415 688 et
426 636 486 688 tres
499 629 592 689 nostri
606 648 674 689 eum
688 628 758 690 lieo.
775 641 867 691 totum
886 640 916 689 et
931 630 1088 712 properium
1108 644 1138 693 et
1156 611 1249 694 euim.

281 734 439 816 Perverse,
459 745 494 797 ut
513 733 588 798 vidit
607 737 671 819 ipse
690 734 807 798 amus
833 734 973 798 Debebat
992 757 1055 799 esee
1074 751 1105 800 et
1123 754 1207 801 tuum
1222 756 1251 803 et

278 843 444 926 propitiurs.

245 948 280 1011 13
301 949 394 1012 Abest
414 950 595 1011 concivium
615 972 634 1011 a
659 948 710 1029 15,
729 949 784 1012 sed
810 950 896 1013 male
924 953 1030 1014 Sermo
1058 966 1104 1015 est
1123 959 1248 1039 proprie
1305 998 1308 1003 -

281 1056 319 1119 de
339 1056 468 1136 civibus,
489 1059 540 1140 qui
557 1057 672 1118 Romae
686 1059 849 1120 Antonium
863 1058 974 1122 vident
996 1058 1195 1137 Laconibus,
1209 1064 1247 1123 ci.

281 1185 328 1248 ep.
348 1163 534 1225 Dccxctx.

244 1274 280 1352 ¹⁴l
299 1273 396 1335 Nostri
416 1292 533 1356 omnes,
552 1282 673 1356 praeter
692 1293 763 1354 seo,
784 1283 814 1333 et
834 1272 902 1335 edd.
923 1295 986 1358 pn,
1005 1288 1077 1338 utet
1086 1279 1248 1360 proprium

278 1393 307 1442 et
324 1400 372 1456 a.,
393 1400 455 1462 quo
476 1378 568 1440 modo
579 1379 683 1475 ,edidit
701 1379 886 1443 Benedictus.

640 1701 841 1766 DCCXCVll.

242 1938 255 1978 a
278 1915 365 1981 amb.
387 1938 404 1999 7
431 1914 568 1992 Cassius,
590 1919 651 1978 sine
671 1918 880 2001 praenomine,
901 1926 936 1978 ut
948 1916 1033 2001 alibi,
1054 1928 1086 1979 et
1099 1919 1148 1981 ed.
1164 1922 1247 1984 Med.

281 2023 314 2088 0.
332 2004 460 2088 wales*
470 2026 541 2108 imp.
561 2025 679 2086 Dicitur
698 2025 835 2097 Peneos,
856 2044 917 2085 non
937 2027 1008 2107 quia
1027 2046 1065 2087 ex
1086 2027 1248 2092 oonsailatu

276 2137 308 2197 in
328 2137 509 2220 provinciam
530 2136 651 2210 exisset,
676 2132 729 2194 sed
756 2134 825 2215 quia
846 2131 1007 2194 consularis
1028 2145 1094 2196 erat
1119 2139 1249 2219 provin·

276 2247 336 2323 eia,
356 2264 447 2325 quam
467 2240 699 2303 administrabat.
721 2241 766 2300 lta
787 2239 911 2301 Corrad.
933 2251 964 2302 et
982 2241 1146 2306 Manutius.

236 2371 255 2410 a
275 2351 311 2411 1..
331 2349 460 2411 Statium
480 2351 620 2411 Murcum
640 2350 706 2431 (ep.
727 2347 896 2427 CDXLll),
917 2358 947 2409 et
967 2349 1004 2427 Q.
1019 2350 1165 2411 Martium
1179 2352 1249 2414 Cri-

276 2477 378 2540 spum,
397 2459 477 2518 viros
496 2458 676 2540 praetorios,
698 2467 769 2515 tunc
789 2456 820 2514 iu
841 2455 927 2531 Syria
940 2476 1070 2537 procoss.
1087 2469 1117 2518 et
1131 2460 1246 2543 lmpp.;

276 2567 330 2626 etsi
350 2565 472 2648 Crispus
491 2557 648 2640 Bithyniae
668 2561 836 2645 praefectus
857 2561 963 2623 fuerat.
989 2561 1114 2626 Conud.

152 2653 155 2677 ἶ
235 2671 254 2732 3
276 2672 388 2733 Contra
408 2674 570 2733 Antonium
586 2682 616 2732 et
628 2670 831 2754 Dolabellam,
852 2681 882 2732 et
901 2692 958 2754 pro
971 2674 1035 2754 ipso
1051 2672 1172 2752 Cassio,
1185 2686 1246 2735 tro-

277 2778 338 2840 dita
358 2780 398 2839 illi
419 2780 506 2855 Syria
526 2779 621 2863 SCt03
641 2779 781 2862 Epitome
795 2781 917 2841 Liviana
932 2778 981 2840 lib.
1000 2779 1108 2840 cxxi
1125 2782 1244 2844 Maniae.

155 2895 156 2898 ’
235 2886 323 2964 tad
343 2909 389 2971 ep.
410 2887 632 2948 nchxxvt.

235 2993 406 3076 5Legatus
429 2993 622 3078 Dolabellae;
649 2994 724 3055 Phil.
750 2996 808 3077 Xl,
834 3015 868 3055 12
890 3006 920 3055 et
945 2995 1113 3056 13.ve1·ba
1141 2999 1245 3056 omnin

274 3117 459 3187 quatuorque
480 3103 532 3185 leg.
547 3102 729 3163 —traditas
746 3123 862 3162 —esse
882 3103 954 3163 scito
976 3102 1084 3163 absunt
1105 3125 1122 3162 a
1144 3104 1245 3165 tribus

272 3210 383 3272 Ambb.
404 3210 554 3294 Equidem
574 3231 630 3271 vor
649 3211 722 3271 scito
745 3209 849 3270 melius
867 3208 916 3270 bie
937 3220 967 3270 et
985 3210 1088 3293 paullo
1103 3215 1245 3294 superius

270 3318 403 3402 abesset;
423 3340 494 3379 nam
514 3318 667 3379 manifeste
692 3317 838 3377 inculcata
859 3329 903 3378 est
923 3338 942 3377 a
960 3337 1045 3400 supp.
1072 3318 1242 3401 prostremo

270 3451 334 3490 esse
353 3430 436 3491 scito.
459 3428 515 3488 Hic
535 3427 592 3488 loci
614 3429 713 3488 omisit
733 3426 910 3503 Lambinus,
930 3425 1031 3507 paullo
1045 3448 1138 3508 supra
1153 3431 1243 3488 tacite

270 3534 409 3597 Orellius.
424 3535 573 3597 Allienum
589 3535 720 3617 legiones
741 3544 872 3615 quatuor
890 3534 929 3593 ab
944 3536 1082 3615 Aegypto
1102 3533 1245 3595 reduxis-

271 3662 318 3720 se,
332 3652 438 3702 auctor
451 3652 496 3702 est
509 3645 599 3703 etiam
613 3643 765 3725 Appianus
777 3639 849 3702 Bell.
864 3641 926 3700 Civ.
941 3642 998 3720 lll,
1014 3638 1055 3720 78
1067 3651 1098 3701 et
1112 3642 1168 3721 lV,
1181 3640 1235 3725 59.

230 3747 252 3809 6
272 3747 358 3810 amb.
378 3746 400 3808 6
419 3752 622 3824 rotomum
648 3769 683 3810 12
705 3751 877 3812 donatione.

233 3876 250 3937 7
274 3854 353 3939 Hoc,
373 3855 457 3937 quod
476 3856 589 3919 habent
608 3853 788 3918 recentiores
810 3856 895 3940 edd,
916 3855 999 3916 ilurit
1018 3855 1037 3916 'a
1058 3855 1151 3916 codd.
1173 3857 1244 3918 l'at.

273 3963 345 4024 Hitt
360 3974 390 4025 et
403 3963 450 4025 ed.
463 3963 541 4027 Vict
563 3966 597 4025 ln
609 3967 717 4026 nostris
731 3964 888 4047 omnibus,
902 3967 932 4025 iu
946 3962 1014 4025 edd
1028 3983 1073 4046 pr.
1088 3974 1121 4025 et
1134 3965 1245 4027 bamb.

272 4084 416 4156 armamus
435 4093 510 4152 opus
531 4086 582 4136 est.
