2624 4830
454 447 489 496 sn
516 444 698 495 aristonis
1009 417 1080 514 433

116 549 221 623 sidua,
248 563 275 610 et
295 562 438 632 perpetim
462 548 574 628 iurgia,
602 536 775 628 quod'cius
800 558 893 607 mstus
914 552 944 611 τὰ
972 546 1010 607 cle
1036 568 1083 609 me

117 658 278 740 utrobique
298 658 398 718 babet.
419 656 555 735 Falsum,
578 666 612 716 ut
632 654 808 715 Benedictus
829 666 860 716 et
879 655 971 717 Orell.
994 655 1082 717 colla·
1188 708 1190 712 Α

117 770 198 827 tione
219 767 295 826 lacta
317 769 464 827 evincunt.
487 764 576 845 Vulg.
599 768 770 846 sequimur,
790 775 820 824 et
839 764 935 824 oratio
956 763 1084 826 assidua

117 892 144 936 ct
154 889 297 958 perpetua
311 875 348 934 de
362 897 408 934 me
423 875 612 957 exponimus,
633 875 798 933 orationem
813 871 998 956 diligentem,
1012 893 1085 934 con-

117 996 243 1045 stantem
265 984 312 1043 vel
334 984 535 1066 lqequentem,
556 993 585 1042 et
606 983 793 1065 continuam,
815 981 843 1040 h.
865 1003 890 1042 e.
912 985 975 1062 sine
996 982 1084 1042 inter·

117 1094 253 1152 missione
267 1091 401 1151 habitam
416 1091 453 1152 de
468 1089 607 1150 laudibus
620 1092 701 1149 meis.
718 1089 799 1148 Haec
815 1087 877 1149 duo
890 1090 976 1149 simul
989 1092 1086 1151 iunxit

119 1201 207 1259 etiam
238 1220 283 1281 ep.
306 1199 471 1258 CDLXlV:
494 1197 631 1257 Assidua
656 1210 683 1255 et
706 1210 850 1279 perpensa
870 1218 944 1256 cara
967 1197 1083 1258 salutis.

119 1306 166 1366 Ad
180 1307 413 1389 explanationem
429 1305 526 1366 lacere
540 1315 665 1388 possunt
681 1304 735 1363 loci
750 1315 818 1386 post
830 1304 904 1365 Red.
920 1307 949 1364 in
960 1325 1020 1365 sen.
1037 1323 1086 1364 12:

124 1410 282 1490 Constans,
300 1393 444 1496 perpetua
465 1445 505 1457 -
525 1411 656 1492 defensio
678 1411 799 1481 salatia·
819 1423 849 1473 et
870 1411 908 1472 de
923 1412 977 1472 Or.
993 1411 1036 1494 ll,
1051 1411 1084 1488 4:

120 1520 251 1602 Longior
268 1544 306 1582 ac
317 1534 461 1607 perpetua
474 1520 635 1602 disputatio
649 1518 801 1580 mediendi.
825 1521 912 1581 Ceste
927 1519 1085 1579 discrimen

118 1627 240 1709 aliquod
262 1631 338 1688 iuter
357 1628 484 1688 assidua
505 1639 534 1688 et
549 1641 692 1711 perpetua
714 1631 814 1688 statuit
836 1627 917 1688 locus
937 1628 1034 1687 Divin.
1055 1626 1086 1704 l,

120 1735 172 1810 34:
198 1735 305 1795 Gallos
324 1736 570 1816 gallinaceos-
593 1738 637 1794 sic
656 1734 779 1795 assidua
798 1749 917 1795 cantare
937 1737 1083 1818 coepisse,

118 1857 149 1901 ut
167 1844 244 1903 ni‘tit
264 1844 491 1916 intermitterent,
514 1843 544 1903 h.
567 1865 592 1902 e.
614 1855 648 1902 ut
665 1856 805 1925 perpetuo
827 1853 975 1902 canerent.

77 1952 98 2012 5
119 1952 206 2011 tmb.
235 1953 268 2011 13
291 1963 320 2012 et
340 1952 461 2013 Lamb.:
487 1954 588 2034 Quare
608 1974 667 2011 non
687 1951 825 2011 mediocr.
848 1952 928 2011 Tum
949 1950 1040 2009 Stew.
1055 1957 1085 2009 et

119 2059 204 2119 slmb.
226 2060 246 2120 6
265 2061 402 2120 adhibita
423 2062 497 2119 milei
516 2080 590 2119 cura
611 2072 662 2120 est.

77 2166 237 2244 tiPanes,
258 2189 332 2250 quas
359 2169 524 2250 suscepisti,
550 2170 610 2227 sive
637 2169 828 2247 sententiam,
853 2185 944 2248 quam
971 2163 1008 2224 de
1035 2183 1084 2225 me

119 2275 253 2334 ornando
276 2275 383 2334 ‹titi-ti.
406 2275 502 2336 Exitu
523 2277 679 2356 aetasque,
700 2275 729 2335 h.
752 2296 778 2335 e.
799 2296 832 2334 re
853 2277 931 2356 ipsa,
952 2275 1020 2355 ipsis
1041 2271 1084 2331 fa-

118 2386 177 2442 ctis.
199 2386 272 2442 Mox
294 2387 359 2443 msti
381 2384 493 2464 aliquot
514 2395 544 2443 et
565 2383 632 2441 edd.
654 2385 709 2442 lto.
732 2384 806 2443 leus.
828 2403 994 2462 cognosces.

78 2512 94 2568 7
119 2490 221 2551 Altero
243 2493 352 2551 scilieet
373 2490 411 2550 ab
425 2492 494 2570 illis,
515 2512 593 2574 quac
607 2491 705 2552 Galba
718 2495 849 2551 naceavit
862 2511 910 2572 ep.
926 2488 1084 2548 DCCClX.

76 2594 96 2656 8
120 2598 152 2655 ln
178 2597 287 2658 linibus
314 2599 423 2659 scilicet
444 2600 639 2682 Allobrogum
670 2602 747 2663 circa
767 2598 923 2660 Viennam.
946 2595 1025 2657 Vide
1045 2593 1084 2655 ad

117 2726 162 2787 ep.
184 2706 358 2784 Dccexv,
379 2719 408 2769 et
430 2713 526 2768 statim
550 2709 635 2769 insta.

76 2833 97 2893 9
119 2813 211 2894 lpsius
236 2815 363 2897 Lepicliq
377 2837 422 2898 ep.
444 2817 613 2883 Dcccxt..
635 2820 691 2895 tt,
717 2837 795 2900 quae
816 2817 967 2897 sequitur,
989 2832 1084 2897 quae-

118 2920 189 2978 dam
208 2944 284 3004 pars
304 2924 450 2983 exercitas
472 2925 592 3007 intelligi
613 2925 703 2985 debet
718 2925 837 3003 Planci,
858 2943 998 3005 quaeque
1013 2920 1085 2981 olim

117 3029 173 3087 sub
195 3031 322 3090 Caesare
344 3032 528 3093 militaverat.

82 3157 117 3195 so
138 3136 183 3195 lta
202 3136 314 3199 habeut
335 3160 401 3199 mss.
424 3160 526 3200 omnes
540 3151 570 3201 et
584 3140 651 3200 edd.
675 3161 719 3222 pn.
740 3138 841 3220 Vulgo
856 3140 1005 3198 omittitur
1017 3157 1082 3209 nse,

117 3257 288 3306 revocatum
311 3247 349 3305 nl)
371 3246 493 3307 Ocellio.

81 3373 109 3409 tt
137 3353 234 3412 Nostri
261 3354 322 3414 dno
350 3377 418 3415 cum
439 3355 516 3415 Vlct.
543 3357 660 3436 cosiseu.
688 3359 769 3415 Tum
797 3355 872 3412 milii
897 3350 1000 3410 su'tleor
1024 3348 1078 3408 lm·

115 3457 188 3519 bcnt
208 3461 276 3520 edd.
298 3485 342 3544 pc.
365 3473 394 3522 et
414 3463 519 3525 Lamb.
541 3465 610 3524 Mox
631 3463 718 3524 amb.
739 3463 760 3522 (i
781 3473 811 3522 ct
832 3461 877 3520 cd.
904 3461 959 3520 Ilo.
988 3456 1081 3516 susci-

112 3587 184 3647 pere
202 3589 300 3649 posse.

78 3691 112 3730 η
135 3673 223 3749 Quae
244 3675 314 3736 olim
335 3676 374 3736 ab
396 3680 525 3738 Antonio
549 3683 613 3761 regi
634 3679 736 3759 solita,
760 3689 833 3741 tunc
857 3687 922 3738 emt
943 3677 973 3735 in
994 3694 1083 3735 exet·-

115 3781 176 3840 citu
196 3783 311 3865 Lepidi.
336 3784 461 3848 Corrad.

80 3888 113 3950 13
136 3889 249 3969 Nempe
270 3913 307 3950 ox
328 3893 418 3954 ltalia.
441 3895 557 3958 Setius.
586 3897 657 3958 lllox
679 3897 834 3959 Emestius
861 3893 993 3956 malebat
1012 3910 1084 3955 con-

116 3996 281 4078 iunctaque,
305 4011 337 4059 ut
358 3999 470 4064 liabent
490 4006 598 4067 lltnbb.
619 4018 713 4090 quatt.

118 4119 225 4183 thae.
248 4119 322 4182 Lett.
349 4119 381 4184 T.
404 4121 440 4184 X.
923 4127 962 4186 28
