2624 4830
250 442 318 491 rao
546 436 718 487 srrsronr
743 436 912 487 ncccrxu.
1023 435 1218 501 tucn·

241 558 278 614 et
303 540 408 616 orbus
428 541 458 590 ¹³
484 554 624 612 senatus
658 538 858 612 consulibus
890 538 1044 636 amissis,
1069 553 1106 611 et
1129 541 1243 613 incre-

241 667 365 740 dibiles
390 667 570 765 angustiae
595 666 764 765 pecuniae
782 664 961 766 publicae:
986 689 1076 766 quae
1094 669 1242 767 conqni«

242 795 331 867 ritur
361 791 534 893 undique,
566 806 606 863 ut
638 792 771 891 optime
805 791 935 863 meritis
966 789 1135 863 militibus
1161 816 1242 890 pro·

244 913 349 992 missa
375 909 572 1015 solvantur,
598 914 693 1019 quod
719 916 861 1017 quidem
881 916 956 989 fieri
973 916 1047 989 siue
1066 915 1198 989 tributo
1213 912 1243 981 ¹4

245 1070 366 1146 posse,
398 1067 470 1116 non
503 1042 661 1116 arbitror.
694 1044 747 1115 De
776 1043 874 1121 Atrio
894 1044 924 1091 ¹⁵
950 1042 1123 1140 Dionysio
1157 1042 1242 1115 nihil

245 1184 334 1271 puto
360 1196 452 1269 esse,
477 1171 642 1270 quoniam
667 1168 753 1241 mihi
779 1167 867 1240 nibil
892 1167 980 1241 dixit
1008 1164 1190 1242 Tratorius
1204 1171 1243 1239 ²⁶.

244 1297 299 1370 De
324 1298 363 1369 P.
387 1297 540 1369 Lucceio
560 1313 588 1362 ¹7
615 1293 702 1366 nihil
728 1293 792 1366 tibi
818 1293 992 1391 concedo,
1016 1319 1086 1394 quo
1112 1293 1244 1366 studio·

245 1424 318 1494 sior
340 1423 414 1494 eius
439 1424 502 1520 sis,
527 1449 632 1522 quam
657 1446 722 1519 ego
748 1447 834 1494 sum.
860 1423 926 1494 Est
951 1421 1045 1495 enim
1061 1421 1165 1494 nobis
1183 1446 1244 1494 ne-

247 1550 416 1622 cessarius
435 1550 474 1621 ¹⁸.
501 1547 571 1620 Sed
588 1575 607 1620 a
625 1549 799 1646 magistris
815 1561 847 1613 ¹9
863 1569 971 1649 quum
996 1545 1243 1620 contenderem

176 1769 180 1777 .
249 1674 293 1747 de
310 1673 521 1776 proferendo
540 1673 606 1774 die,
622 1673 863 1777 probaverunt
880 1671 978 1772 mibi,
996 1698 1080 1772 sese,
1098 1699 1169 1774 quo
1187 1674 1245 1744 mi·

246 1822 313 1875 nos
329 1801 367 1875 id
384 1801 553 1901 lacerent,-
569 1815 605 1874 et
622 1801 878 1901 compromisso
896 1814 933 1872 et
948 1792 1171 1873 iureiurando
1184 1800 1245 1871 im·

247 1920 370 2029 pediri.
395 1893 512 2022 Quaire
531 1926 743 2000 veniendum
764 1925 914 1999 arbitror
930 1924 1092 2000 Lucceio.
1111 1926 1243 2017 Quam·

248 2083 370 2158 quam,
403 2057 430 2128 si
464 2058 552 2128 meis
584 2054 693 2127 literis
725 2052 1042 2153 obtemperanter,
1068 2078 1176 2153 quum
1208 2065 1244 2124 tu

246 2180 334 2253 haec
360 2181 469 2278 leges,
496 2180 594 2253 illum
627 2181 759 2252 Romae
784 2204 858 2252 esse
891 2178 1080 2278 oportebit.
1113 2177 1246 2252 Ceteris

248 2304 441 2403 derebus,
474 2308 693 2407 maximeque
719 2306 763 2378 de
789 2282 954 2405 pecunia,
978 2331 1086 2404 quum
1111 2305 1247 2378 Pansae

248 2445 396 2504 mortem
418 2432 614 2530 ignorares,
638 2433 822 2532 scripsisti,
848 2455 937 2534 quae
963 2457 1027 2532 per
1051 2456 1116 2503 uos
1143 2429 1187 2503 ab
1205 2454 1245 2501 eo

248 2559 413 2658 consequi
441 2572 475 2629 te
501 2583 605 2657 posse
631 2558 845 2631 arbitrarere.
873 2559 973 2650 Quae
1000 2573 1033 2629 te
1059 2582 1134 2629 nou
1158 2555 1247 2628 selei·

247 2664 385 2781 iissent,
410 2685 438 2755 si
464 2684 614 2757 viveret:
640 2711 721 2757 nam
740 2700 774 2757 te
793 2684 969 2783 diligebat.
994 2686 1082 2757 Post
1098 2697 1247 2758 mortem

248 2822 364 2882 autern
392 2811 465 2882 eius
491 2809 576 2911 quid
601 2793 676 2884 lieri
701 2825 838 2910 posset,
863 2837 935 2885 non
954 2809 1169 2885 videbamus.
1195 2808 1246 2882 De

248 2933 437 3034 Venuleio,
465 2938 611 3035 Latino,
643 2938 791 3012 Horatio
810 2954 839 2987 ²¹
867 2937 970 3011 valde
1002 2937 1118 3010 laudo.
1156 2935 1248 3010 Illud

248 3084 321 3133 nou
346 3063 492 3135 nimium
513 3063 645 3163 probo,
670 3063 767 3166 quod
793 3064 932 3164 scribis,
957 3089 1028 3166 quo
1053 3062 1103 3136 illi
1130 3064 1247 3136 animo

249 3188 412 3288 aequiore
437 3187 580 3289 lerrent,
605 3203 639 3262 te
666 3192 733 3262 tuis
751 3192 857 3263 etiam
873 3189 994 3288 legatis
1011 3188 1153 3263 lictores
1170 3187 1250 3262 ade·

207 3378 213 3389 .
246 3314 372 3387 misses
385 3315 530 3390 Honore
557 3318 650 3390 enim
670 3333 700 3367 ²²
727 3344 806 3390 cum
824 3318 1015 3415 ignominia
1043 3315 1157 3414 dignis
1177 3341 1247 3389 non

248 3455 349 3513 erant
381 3444 629 3545 comparandi,
663 3471 792 3547 eosque
825 3471 867 3517 ex
899 3459 1039 3518 senatus
1072 3445 1249 3542 consulto,

248 3562 375 3638 sinon
403 3569 597 3670 decedunt,
622 3572 818 3672 cogendos,
848 3586 888 3643 ut
914 3570 1104 3670 decedant,
1136 3572 1250 3645 ernsti-

250 3711 319 3759 mo.
345 3691 442 3765 Haec
460 3695 530 3769 lere
557 3697 603 3769 ad
628 3726 685 3773 eas
711 3699 845 3796 literas,
872 3725 957 3799 quas
983 3698 1109 3771 eodem
1140 3723 1249 3770 exem-

251 3813 312 3915 plo
330 3817 361 3863 ²³
386 3817 486 3892 binas
519 3825 650 3924 accepi.
684 3827 737 3898 De
770 3824 920 3927 reliquo,
951 3823 1054 3897 velim
1082 3824 1146 3897 tibi
1172 3850 1247 3924 per·

252 3941 420 4042 suadeas,
452 3972 524 4020 non
557 3976 631 4022 esse
669 3952 753 4024 milri
795 3979 906 4025 meam
948 3951 1156 4051 dignitatem
1193 3963 1247 4020 tna

253 4068 429 4143 ‹rarioreun
