2624 4830
233 384 305 458 320
372 350 377 360 .
587 403 757 454 rersroca
782 405 868 452 xrrr.
1005 400 1036 450 a.
1056 405 1089 453 v.
1108 408 1135 453 c.
1156 423 1202 471 7¹⁰

232 535 312 583 cum
339 505 489 580 tribuere
515 502 596 578 huic
623 506 874 605 indulgentiae,
908 518 945 577 ut
970 532 1008 578 se
1033 507 1227 585 maledictis

233 660 305 708 non
332 633 522 731 abstineat,
546 633 587 705 iis
614 632 773 734 quidem,
798 658 887 735 quae
912 633 947 704 in
975 635 1089 733 ipsum
1116 635 1230 737 dupli-

234 762 322 835 citer
347 759 523 856 recidunt;
549 759 645 861 quod
663 774 698 832 et
716 759 831 859 plures
853 758 984 831 occidit
1008 785 1097 860 uno,
1123 788 1228 864 seque

235 888 331 989 prius
357 899 499 987 oportet
515 885 662 958 fateatur
679 886 857 985 sicarium,
883 911 988 986 quarn
1006 886 1149 961 obiiciat
1166 889 1231 962 Ca·

236 1020 332 1111 scae,
357 1014 451 1116 quod
478 1012 613 1086 obiicit:
639 1026 675 1085 et
699 1012 854 1085 imitatur
877 1013 914 1083 in
931 1014 1040 1085 Casca
1066 1014 1228 1087 Bestiam.

236 1141 290 1214 An
318 1142 396 1241 quia
422 1166 494 1213 non
520 1139 683 1212 omnibus
709 1138 803 1211 horis
830 1139 998 1212 iactamus
1024 1137 1108 1212 Idus
1135 1142 1252 1214 Mar·

237 1266 322 1365 tias,
343 1265 499 1340 similiter
518 1279 622 1366 atque
649 1264 704 1336 ille
730 1264 849 1337 Nonas
867 1263 1078 1338 Decembres
1096 1293 1176 1339 suas
1192 1267 1229 1337 in

235 1419 296 1466 ore
322 1393 445 1491 habet,
469 1416 512 1466 eo
538 1390 679 1464 meliore
706 1392 907 1464 conditione
931 1392 1054 1465 Cicero
1072 1391 1231 1492 pulcher-

236 1519 361 1591 rimum
395 1519 522 1591 sactum
550 1517 776 1617 vituperabit,
810 1545 914 1620 qnam
943 1519 1059 1590 Bestia
1086 1533 1122 1591 et
1147 1518 1230 1591 Clo-

228 1643 314 1735 dius
346 1643 599 1745 reprehendere
631 1642 721 1716 illius
754 1643 973 1729 consulatum
1007 1643 1102 1717 soliti
1127 1645 1231 1719 suut?

234 1771 444 1843 sustinuisse
471 1771 554 1842 rnihi
580 1769 746 1868 gloriatur
771 1768 899 1842 bellum
920 1771 1064 1843 Antonii
1092 1784 1230 1869 togatus

237 1898 360 1971 Cicero
377 1913 504 1970 noster.
531 1897 628 1989 Quid
653 1897 721 1969 hoc
748 1897 830 1968 mihi
858 1896 1019 1995 prodest,
1044 1898 1073 1969 si
1100 1923 1231 1968 merces

237 2024 384 2111 Antonii
410 2025 567 2123 oppressi
594 2025 765 2122 poscitur,
791 2025 826 2094 in
853 2025 996 2095 Antonii
1023 2022 1139 2094 locum
1157 2049 1233 2094 suc·

239 2151 362 2224 cessio:
389 2164 423 2222 et
448 2153 476 2223 si
501 2150 630 2225 vindex
654 2149 745 2222 illius
770 2149 870 2248 mali,
895 2163 1016 2221 auctor
1039 2149 1171 2221 exstitit
1188 2147 1233 2222 al-

239 2277 359 2373 terius,
376 2276 640 2350 fundamentum
658 2291 693 2349 et
710 2276 844 2350 radices
860 2275 1012 2348 habituri
1033 2274 1188 2374 altiores,
1204 2277 1233 2348 si

239 2401 431 2502 patiamur?
458 2417 496 2474 ut
512 2405 582 2476 iam
599 2403 683 2500 ista,
701 2429 788 2503 quae
807 2402 889 2475 facit
896 2457 906 2500 ,
932 2427 1004 2474 non
1022 2401 1233 2475 dominatio·

240 2552 338 2626 nem,
364 2553 434 2599 non
461 2527 659 2627 dominum,
684 2529 746 2601 scd
769 2530 959 2602 Antoniam
984 2530 1137 2601 timentis
1154 2530 1233 2600 sint.

240 2655 317 2752 Ego
343 2668 458 2725 auteur
485 2655 629 2752 gratiam
647 2681 720 2728 non
737 2656 869 2753 babae,
895 2657 921 2726 si
949 2656 1045 2755 quis,
1070 2653 1172 2752 dum,
1188 2679 1234 2725 ne

238 2780 329 2853 irato
355 2781 500 2878 serviat,
533 2807 605 2854 rem
638 2783 750 2882 ipsam
779 2809 850 2854 nou
878 2782 1100 2880 deprecatur:
1126 2782 1234 2852 immo

241 2904 436 3005 triumphus
465 2920 501 2979 et
532 2908 745 3008 stipendium
771 2909 986 3007 decernitur,
1010 2921 1046 2980 et
1071 2906 1235 2980 omnibus

241 3028 390 3105 decretis
415 3036 567 3108 ornatur.
598 3035 735 3111 Pudeat
761 3036 1008 3135 concupiscere
1041 3033 1236 3131 fortunam,

242 3159 339 3232 cuius
364 3186 494 3233 nomen
524 3164 716 3263 susceperit
748 3163 952 3258 consularis,
985 3176 1024 3233 ut
1056 3161 1237 3233 Ciceronis

241 3300 303 3359 est.
329 3289 507 3379 Quoniam
535 3289 621 3362 mihi
647 3306 761 3363 tacere
788 3316 860 3362 non
886 3288 1001 3386 licuit,
1026 3287 1118 3385 leges
1144 3312 1235 3386 quae

242 3411 305 3484 tibi
330 3439 471 3489 necesse
496 3430 549 3488 est
574 3415 718 3488 molesta
739 3443 825 3488 esse.
851 3416 992 3488 Etenim
1008 3415 1084 3513 ipse
1102 3413 1237 3508 sentio,

243 3552 374 3638 quanto
400 3567 480 3613 cum
507 3541 626 3614 dolore
649 3541 733 3614 haec
752 3543 797 3615 ad
816 3558 849 3615 te
868 3543 1142 3642 perscripserim:
1170 3564 1235 3611 nec

241 3664 382 3763 ignoro,
410 3667 494 3765 quid
520 3670 647 3740 sentias
673 3671 708 3740 in
735 3698 771 3742 rc
797 3669 956 3769 publica,
981 3682 1016 3740 et
1042 3692 1147 3766 quam
1174 3665 1234 3736 de-

244 3805 417 3888 speratum
443 3820 580 3893 quoque
606 3798 719 3868 sanari
745 3811 846 3895 putes
872 3821 984 3896 posse.
1012 3793 1085 3866 Nec
1105 3790 1236 3863 meher-

245 3915 322 3988 cule
349 3931 399 4016 tc,
426 3924 558 4019 Attice,
584 3924 809 4022 reprehendo.
836 3925 940 3997 Aetas
967 3923 1075 4018 eninr,
1105 3944 1237 4014 mores,
