2624 4830
255 460 322 533 166
534 473 930 525 criminosorum.
1018 473 1050 524 t.
1066 474 1101 525 v.
1115 475 1149 523 c.
1165 487 1214 538 qn

246 583 404 679 redeam,
433 578 606 679 legionem
640 577 803 650 Martiam
834 591 870 649 et
902 589 1060 678 wrtam
1092 592 1239 679 negant,

247 708 305 810 qui
336 706 413 780 illas
445 715 596 805 norunt',
627 703 697 777 ulla
729 702 932 777 conditione
964 701 1011 776 ad
1041 706 1112 776 te⁶
1136 730 1239 807 posse

246 814 599 936 perduci.”Pecuniae
616 850 641 930 ⁷,
666 857 778 932 quam,
797 827 990 928 desideras,
1014 830 1105 909 ratio
1122 812 1240 937 potest

246 958 385 1058 haberi,
409 985 518 1061 eaque
544 955 737 1042 habebitur.
768 957 822 1037 De
851 957 962 1045 Bruto
988 956 1197 1045 arcessendo
1214 960 1239 1058 ⁸,

247 1087 462 1186 Caesareque
488 1084 534 1157 ad
557 1083 677 1157 ltaliae
702 1081 913 1183 praesidium
938 1082 1111 1183 tenendo,
1137 1083 1238 1158 valde

248 1212 313 1284 tibi
337 1213 515 1286 assentior.
547 1211 632 1311 sed,
661 1224 700 1281 ut
725 1209 865 1306 scribis,
889 1209 998 1282 habes
1024 1209 1238 1285 obtrectatu·

247 1364 318 1435 res3
344 1363 432 1439 quos
458 1337 619 1439 equidem
645 1335 804 1409 facillime
838 1337 1008 1410 sustineo:
1039 1336 1103 1410 sed
1128 1338 1238 1438 impe·

248 1462 349 1535 diunt
381 1479 506 1535 umen.
542 1465 596 1535 Ex
626 1463 774 1535 Africae
799 1463 952 1559 legiones
981 1476 1238 1563 exspectantur.

247 1587 316 1661 Sed
349 1588 479 1661 bellum
511 1591 600 1661 istuc
619 1605 648 1640 ¹⁰
674 1603 834 1662 renatum
867 1591 1037 1661 mirantur
1069 1589 1238 1663 homines.

247 1713 342 1788 Nihil
366 1728 438 1787 tam
456 1728 594 1814 praeter
618 1739 717 1814 spem
742 1737 907 1815 umquem
927 1730 966 1784 ¹¹.
992 1712 1084 1787 Nam
1102 1713 1160 1788 die
1177 1729 1239 1788 tuo

247 1840 356 1915 natali
381 1841 526 1919 victoria
551 1842 728 1939 nuntiata,
756 1841 793 1911 in
819 1838 928 1913 multa
953 1838 1069 1913 secula
1095 1840 1238 1914 videba-

247 1994 325 2041 mus
356 1993 430 2041 reru
463 1967 639 2067 publicam
670 1966 860 2040 liberatam.
893 1965 987 2040 Nori
1020 1967 1164 2040 timores
1186 1993 1237 2041 re·

247 2108 371 2168 texunt
390 2110 420 2145 ¹²
445 2094 633 2200 superiora.
658 2093 832 2194 Scripsisti
859 2106 974 2165 autem
1000 2079 1048 2165 ad
1070 2117 1129 2165 me
1144 2095 1186 2167 iis
1199 2095 1238 2191 ¹³,

248 2246 333 2320 quas
366 2219 486 2293 ldibus
516 2221 617 2293 Maiis
650 2219 792 2319 dedisti,
823 2218 932 2292 modo
957 2232 992 2291 te
1017 2219 1237 2320 accepisses

245 2343 377 2416 Planco
411 2344 544 2443 literas,
575 2371 647 2419 non
680 2345 788 2445 recipi
821 2372 840 2417 a
872 2343 1009 2443 Lepido
1035 2345 1235 2420 Antonium.

246 2468 288 2542 Id
305 2471 334 2542 si
350 2471 397 2542 ita
423 2484 490 2569 est,
515 2473 631 2544 omnia
657 2471 827 2570 faciliora3
852 2471 906 2543 sin
932 2469 1048 2570 aliter,
1073 2497 1236 2572 magnum

160 2576 164 2580 4
244 2597 421 2695 negotium
441 2595 488 2669 ¹4:
517 2598 614 2670 cuius
648 2599 778 2670 exitum
810 2622 884 2671 uon
915 2597 1128 2696 extimesco3
1160 2613 1236 2672 tuae

244 2736 361 2824 partes
386 2737 476 2796 sunt.
501 2725 579 2822 Ego
596 2723 691 2824 plus,
717 2751 821 2825 quam
839 2724 923 2822 feci,
939 2723 1052 2797 lacere
1069 2750 1143 2798 non
1160 2749 1236 2824 pos·

245 2872 331 2920 sum.
356 2849 409 2921 Te
434 2863 567 2948 tamen,
591 2849 630 2922 id
643 2851 673 2901 ¹⁵
691 2849 787 2952 quod
812 2875 934 2950 spero,
958 2851 1117 2924 omnium
1135 2851 1236 2924 maxi·

244 2997 340 3045 mum
365 2987 401 3045 et
426 2974 653 3048 clarissimum
678 2974 797 3048 videre
823 2975 936 3075 cupio.

585 3351 902 3430 ncccxxxvn,
971 3395 1026 3454 <aa
1040 3396 1096 3449 oa.
1110 3397 1212 3460 xero)

243 3527 463 3607 Argumentum.
483 3534 605 3597 Timere
625 3555 656 3594 se
676 3534 719 3594 ait
737 3533 890 3594 Ciceronis
903 3553 1009 3606 muse,
1029 3555 1162 3618 eumque
1174 3554 1232 3596 mo

283 3645 352 3706 net,
374 3648 407 3697 ut
428 3649 637 3701 veteranorum
658 3642 774 3701 animos
795 3638 851 3701 sibi
873 3640 1018 3703 courciliet.
