2624 4830
166 388 234 487 Μ
463 404 634 461 nascens
659 403 831 469 κροηιι.
935 402 970 455 s.
985 406 1019 457 v.
1035 407 1067 458 c.
1083 422 1133 472 ,ω

160 537 278 615 neque
289 509 460 608 animum,
482 535 549 595 nec
565 507 782 606 diligentiam
798 505 1104 587 mundorum
1113 513 1156 587 ¹4:

159 638 275 739 Cupio
286 635 530 736 mehercules,
554 634 686 708 nullm
703 634 1156 714 menam-subeuntes

161 768 258 839 esset-
275 763 340 837 sed
362 764 393 837 si
418 763 537 861 fuerit,
561 762 786 861 nec-enims,
801 784 869 836 nec
883 761 1158 866 benevolentiae,

162 917 228 965 nec
258 891 447 991 patientiae
478 888 681 991 cuiusquam
713 910 782 989 pro
813 886 917 963 vobin
941 889 1077 965 cedam
1100 892 1161 967 Do‘

162 1017 304 1119 quidem
329 1042 394 1115 ego
419 1042 581 1116 operam,
605 1029 644 1089 ut
669 1015 775 1088 etiam
797 1014 971 1116 Lepidum
989 1014 1038 1090 ad
1056 1016 1158 1093 huius

162 1145 212 1235 rei
237 1144 439 1233 societatem
457 1143 618 1240 incitem,
642 1142 828 1243 omniaque
845 1143 878 1215 ei
893 1141 1064 1246 obseqtria
1081 1145 1159 1245 pol-

10 1346 13 1350 .
41 1380 43 1385 Ι
162 1268 279 1369 liceor,
295 1270 325 1342 si
341 1254 450 1345 modo
466 1292 541 1345 rem
558 1267 733 1369 publicam
751 1268 923 1367 respicere
940 1269 1048 1343 volet
1066 1269 1160 1345 Vtor

163 1396 201 1467 in
219 1394 285 1468 bac
301 1421 340 1468 re
356 1394 573 1468 adiutoribus
589 1393 925 1496 interpretibusque,
941 1394 1048 1471 fratre
1065 1422 1160 1498 tneo,

164 1518 210 1594 et?
224 1523 412 1594 Laterense
433 1522 474 1618 ¹⁵,
499 1533 535 1593 et
559 1518 691 1593 Furnio
717 1532 849 1593 nostro.
873 1520 955 1617 Non
977 1523 1161 1623 meimpe·

166 1644 265 1718 dient
281 1645 439 1746 privatae
456 1643 681 1742 offensiones,
705 1670 777 1746 quo
801 1644 916 1718 minus
941 1671 1009 1747 pro
1021 1639 1083 1720 ¹'rei
1100 1675 1162 1750 pu·

164 1753 278 1847 blicae
310 1769 421 1845 salute
453 1771 560 1844 etiam
587 1796 668 1845 cum
698 1770 936 1845 inimicissimo
957 1775 989 1824 ¹⁶
1015 1788 1162 1849 consen·

164 1894 261 1971 tiam.
278 1895 387 1990 Quod
404 1897 433 1970 si
449 1895 539 1971 nihil
558 1895 753 1999 profecero,
768 1896 994 1973 nibilominus
1010 1864 1163 1975 maxim

166 2024 406 2123 semanimo,
430 2037 467 2099 et
490 2025 622 2098 maiore
647 2022 794 2098 fortasse
815 2049 897 2099 cum
912 2050 991 2099 mea
1010 2024 1118 2124 gloria
1132 2041 1160 2092 ¹⁷

166 2148 271 2225 vobis
301 2148 520 2225 satisfaciam.
552 2150 625 2226 Fac
650 2149 786 2250 valcas,
809 2176 936 2252 meque
960 2165 1087 2229 moun
1112 2151 1162 2227 di·

166 2272 263 2372 ligas.

545 2524 807 2602 nccoxvm.
905 2568 1139 2635 (pm,

168 2701 386 2782 Arpmoentmn.
412 2703 548 2777 Nuntiat,
572 2726 654 2786 quae
677 2705 716 2767 ad
743 2705 977 2788 opptimendum
1000 2711 1163 2772 Antoniana

207 2819 238 2869 et
257 2812 352 2890 egerit
372 2819 403 2873 et
422 2821 543 2872 acturus
564 2814 611 2873 sit.

181 3082 186 3095 ι
280 3025 337 3078 Scr.
355 3027 382 3080 in
398 3026 581 3097 Allobrogibus
599 3027 631 3081 Δ.
647 3024 682 3078 V·
700 3026 730 3080 C.
748 3026 853 3096 DCCX‚
870 3045 959 3085 mane
975 3029 1057 3089 unio.

309 3198 337 3307 J
469 3225 648 3291 Pttncvs
675 3224 865 3293 noanon
1007 3182 1010 3189 ’

181 3416 185 3423 ’
216 3410 280 3485 His
304 3398 420 3488 ¹literis
452 3413 591 3515 scriptis
612 3429 638 3515 ¹,
662 3439 751 3516 quae
783 3425 907 3513 postea
939 3400 1165 3516 accidissent,

166 3535 255 3607 seire
281 3552 329 3637 te,
354 3539 401 3612 ad
425 3565 500 3614 rem
524 3539 703 3643 pubbcam
736 3540 860 3639 putavi
885 3540 1072 3639 pertinere,
1102 3541 1162 3615 Se-

167 3657 293 3733 dulitas
326 3689 420 3763 mea,
445 3679 485 3737 ut
508 3691 630 3766 spero,
665 3679 701 3738 et
732 3663 819 3737 mibi
852 3677 887 3735 et
918 3664 969 3737 rei
1000 3665 1161 3767 publicae

169 3782 247 3856 tulit
270 3784 429 3861 frustm
462 3789 621 3893 Namque
645 3788 791 3865 assiduis
824 3788 1047 3867 internuntiis
1080 3819 1161 3869 cnm

166 3909 302 4010 Lepido
318 3913 390 4014 egi,
413 3929 469 4014 ut,
493 3904 621 3992 omissa
646 3917 744 3992 omni
768 3915 1012 4018 contentione,
1034 3945 1156 3997 recon-
