2624 4830
314 492 318 501 Ι
483 421 518 469 ut
545 418 724 468 nersroms
1026 393 1100 492 469

143 523 213 587 item
235 525 305 584 lire.
327 534 357 583 et
377 521 423 583 ed.
443 523 523 583 Med.
545 523 664 583 Postero
680 518 729 581 die
750 543 771 582 a
790 490 893 582 Pdusa
906 521 1099 604 nrauepitem

144 636 205 693 duo
220 633 267 693 ulii
283 653 350 691 cum
364 631 432 691 edd.
446 632 500 691 Ro.
517 631 590 691 leus.
607 631 727 690 Postero
741 627 889 690 diemout
901 627 947 690 ud
961 628 1094 689 Paruum

103 741 123 801 8
144 741 231 802 urnb.
257 739 291 803 15
312 740 355 798 sir
375 741 453 799 euim
472 759 533 799 ear.

104 872 125 932 9
146 851 290 910 Graevius
304 868 321 906 e
334 844 453 906 Mentel.
469 857 498 904 et
512 844 639 927 Hittorp.
657 844 760 904 itinera
769 843 846 923 fecit
858 843 947 903 multo
965 845 1101 924 naaiorap

134 955 273 1037 fugiens,
293 955 376 1035 quod
396 964 426 1014 et
447 973 503 1032 ego
525 955 554 1010 iu
576 954 622 1012 ed.
644 954 698 1011 Ro.
720 963 751 1011 et
769 951 922 1011 Ernestius
942 953 1051 1032 reperit
1071 953 1101 1010 in

145 1063 222 1124 Guel
238 1083 266 1122 a.
282 1062 409 1122 Inseruit
428 1068 464 1140 ri¹
474 1061 551 1141 fecit
563 1064 720 1140 magister,
739 1061 790 1140 qui
811 1074 859 1124 τοῦ
881 1059 984 1119 itinera
995 1058 1101 1138 fugem

145 1170 327 1231 insolentiam
342 1170 419 1230 ferre
435 1190 496 1228 nou
509 1167 634 1229 valebat.
657 1167 818 1229 insolenter
831 1167 953 1249 quidem
972 1165 1100 1249 dictum,

145 1278 197 1339 sed
212 1287 441 1362 ὶμφατιιῶτῳον,
459 1297 549 1358 quam
564 1277 669 1337 itinem
673 1275 819 1357 fugiendo
833 1274 983 1358 copficere.
996 1272 1101 1334 Lamb.

145 1389 245 1448 itinere
264 1387 354 1446 multo
375 1386 489 1445 naaione
499 1383 631 1467 sugium.

110 1514 144 1552 ιο
165 1493 220 1574 Ep.
241 1492 416 1552 DCCCXIll
438 1493 516 1551 circa
535 1483 615 1552 medi

108 1619 138 1659 ιι
164 1601 292 1683 Propter
312 1596 442 1684 paludes.
465 1597 574 1659 Strabo
595 1590 645 1659 lib.
659 1598 712 1679 lV,
725 1619 753 1680 p.
771 1595 845 1661 282:
867 1609 1021 1683 tappetem
1038 1609 1100 1665 οὖα-

144 1712 193 1787 ila,
210 1717 282 1791 dntp
298 1715 357 1770 insi
375 1716 490 1788 τενάγη.

109 1835 143 1875 12
164 1813 269 1873 Lamb.
294 1813 442 1873 Ventidio.
463 1817 501 1874 At
521 1815 587 1874 loco
608 1835 679 1875 mox
700 1813 821 1875 laudato
841 1813 920 1874 idem
934 1814 1044 1875 Brutus
1058 1806 1102 1874 di·

142 1924 186 1982 xit
203 1942 271 1980 cum
285 1921 412 1981 Aesonio
426 1922 587 1982 coruuuxit.
609 1921 686 1981 Hinc
706 1941 837 2004 expono:
860 1933 935 1983 etse
950 1922 1009 1981 iarn
1024 1920 1101 1981 Ven-

144 2028 233 2089 tidius
253 2049 322 2091 eum
341 2030 470 2088 Antonio
491 2032 698 2091 coniunxisset.

109 2137 144 2196 13
165 2135 224 2196 Zel.
245 2137 268 2195 B
289 2135 376 2196 valde
398 2116 531 2218 paucos,
551 2148 582 2198 et
601 2136 688 2197 Amb.
716 2147 788 2197 sext.
815 2130 900 2195 valde
924 2154 1101 2219 perpaucos.

145 2245 225 2303 Tum
239 2242 350 2303 ·Lamb.
372 2243 448 2303 infra
468 2245 558 2304 etrum
577 2263 680 2316 orare,
709 2254 738 2304 et
762 2242 883 2303 inferius
910 2243 963 2304 iter
976 2243 1101 2324 ferraret
1200 2244 1206 2254 '

144 2350 318 2411 Pollentiam
339 2354 383 2411 ire
408 2350 586 2433 cupiebant,
612 2362 646 2410 ut
672 2353 701 2409 in
728 2350 841 2411 ltaliam
869 2363 1103 2428 reverterentur,-

144 2460 173 2516 in
194 2480 254 2539 qua
274 2461 372 2541 perire
393 2457 560 2540 malebant,
580 2479 671 2541 quem
691 2457 779 2542 Alpes
799 2461 941 2519 traiioere.

108 2566 145 2641 14
164 2565 250 2627 Amb.
272 2577 344 2646 sept.
365 2569 524 2625 uersuum
543 2587 578 2626 eo
598 2566 726 2626 coruulit
746 2567 856 2648 uecte3
882 2568 935 2625 nisi
955 2565 1013 2625 hoc
1033 2566 1101 2626 loco

145 2694 285 2754 exponas:
302 2675 355 2733 iter
366 2694 452 2732 sutem
466 2671 592 2755 distulit,
608 2684 641 2733 ut
656 2694 702 2755 ep.
716 2674 805 2752 ctu,
823 2695 849 2733 1:
868 2673 1018 2756 Quicquid
1029 2695 1100 2734 cou-

132 2779 228 2861 ficio,
247 2794 299 2840 cun
318 2781 429 2861 cogito,
455 2781 485 2839 iu
507 2780 718 2842 anibulationis
735 2782 803 2862 fiere
827 2794 939 2864 tempus
965 2780 1099 2862 corbiam:

144 2887 180 2946 cf.
198 2890 285 2948 etiam
306 2908 352 2968 ep.
375 2888 492 2966 cetu,
514 2908 561 2948 ar.
582 2887 648 2949 alia
668 2892 744 2949 ratio
764 2900 808 2949 est
828 2888 917 2967 illius,
937 2892 988 2970 qui
1002 2890 1100 2969 sequi·

145 3006 209 3076 tur,
230 2994 304 3072 loci,
324 3016 478 3076 lucumque
492 2997 546 3055 iter
558 3017 592 3055 eo
607 2997 731 3068 romuli,
752 2995 828 3056 idest
840 2996 979 3068 converti,
1001 3008 1035 3057 ut
1055 3017 1101 3080 ep.

144 3101 213 3162 LV:
241 3103 295 3164 iter
318 3102 514 3164 Brundisium
540 3124 638 3164 versus
669 3104 787 3164 contuli.
818 3104 916 3185 Supra
946 3105 1102 3177 sustinere,

144 3207 175 3268 h.
197 3230 222 3269 e.
243 3213 380 3273 retinere.

110 3314 146 3378 15
166 3320 362 3394 Antoniauus,
384 3327 418 3378 ut
435 3318 583 3400 colligitur
597 3339 634 3380 ex
647 3316 734 3379 Phili.
747 3319 804 3398 Vl,
817 3315 852 3400 43
866 3316 911 3394 X,
930 3317 1104 3401 103X1‚63

145 3423 385 3505 x11‚8;xtu,
410 3443 453 3486 12.
476 3427 523 3487 De
544 3447 581 3485 eo
601 3428 659 3487 Dio
678 3427 794 3486 Cassius
815 3426 864 3486 lib.
880 3426 979 3507 xttt,
1001 3425 1105 3510 ²9³¹·

109 3529 144 3590 16
165 3531 315 3593 Corradus
337 3534 479 3616 explicat:
503 3535 536 3593 ln
558 3555 640 3615 spem
661 3545 802 3609 uenerunt
815 3533 978 3595 traiiciendi
993 3536 1022 3593 in
1036 3531 1107 3593 Gul-

143 3638 212 3733 liam
239 3653 323 3723 post,
348 3663 438 3723 quam
466 3640 643 3702 Pollentiam
658 3663 764 3723 capere
786 3662 844 3702 nou
865 3652 1032 3723 potuerant
1053 3641 1109 3701 Ata

144 3756 242 3808 tamen
263 3770 358 3829 quum
380 3770 439 3808 non
460 3749 518 3809 hoc
538 3751 644 3832 petisse
670 3749 826 3810 videantur
847 3752 1003 3810 Antoniani
1030 3748 1107 3808 mili-

143 3865 202 3931 tes,
224 3876 418 3937 exponerem:
446 3858 480 3916 ln
501 3878 584 3940 spem
604 3868 763 3933 venerant,
791 3879 822 3918 se
850 3860 1017 3941 superiores
1043 3856 1110 3915 fore·

144 3958 308 4042 legionibus
323 3964 431 4025 Planci.
453 3965 508 4024 Ex
522 3965 617 4026 Italia
630 3998 669 4013 -
683 3967 797 4039 traiici,
819 3987 856 4028 ex
876 3965 959 4027 ltalia
973 3967 1110 4043 antiqua,
