2624 4830
222 420 307 504 ⁸282
602 444 774 496 urrsrots
797 442 863 496 tn.
1014 442 1046 494 s.
1063 449 1097 495 v.
1116 446 1145 496 c.
1164 458 1212 510 μυ

234 553 359 628 habuit
380 548 513 625 exibam
538 549 741 648 optabilem.
766 544 856 622 Nam
879 559 964 620 tuac
988 547 1129 648 literae,
1145 577 1236 651 quae

233 679 400 754 recitatae
420 678 461 751 in
484 689 609 750 senatu
626 690 725 776 sunt,
741 689 778 748 et
793 675 1014 774 imperatoris
1032 676 1237 775 consilium,

235 819 273 881 ct
301 804 452 881 militum
484 805 668 903 virtutem,
698 815 735 876 et
765 801 973 875 industriam
1006 816 1167 903 tuorum,
1199 805 1236 877 in

235 930 363 1041 quibus
397 931 577 1006 Ciceronis
610 931 703 1029 mei,
736 928 923 1003 declarant.
961 928 1071 1022 Quod
1104 931 1134 1003 si
1169 932 1237 1004 tuis

234 1056 442 1161 placuisset,
467 1057 511 1132 dc
536 1057 591 1131 his
623 1055 733 1131 literis
765 1056 901 1154 referri,
930 1071 966 1129 et
990 1057 1058 1131 nisi
1083 1057 1121 1129 in
1149 1071 1235 1131 tern-

234 1211 304 1289 pus
318 1185 672 1283 turbulentissimum,
688 1199 772 1284 post
788 1183 980 1257 discessum
995 1186 1133 1259 Pansae
1151 1211 1236 1259 con·

194 1400 199 1409 ,
228 1312 338 1412 ¹sulio,
359 1310 587 1410 incidissent,
611 1310 726 1384 bonos
751 1336 892 1412 quoque
914 1312 1026 1384 iustus
1043 1325 1080 1384 et
1096 1311 1236 1385 debitus

233 1439 310 1514 Diis
334 1436 593 1512 immortalibus
620 1436 781 1511 decretus
808 1449 908 1509 esset
936 1439 1032 1510 Ecce
1056 1437 1121 1510 tibi
1147 1437 1235 1510 ldib.

232 1563 343 1667 April.
370 1562 514 1638 advolat
530 1588 633 1636 nrane
658 1561 750 1639 celer
773 1560 887 1661 Pilus,
913 1564 972 1664 qui
999 1563 1068 1637 vir!
1093 1563 1154 1636 Dii
1170 1563 1235 1637 bo·

233 1691 289 1791 ni,
312 1717 417 1794 quam
443 1692 574 1791 gravis!
600 1717 706 1792 quom
731 1697 912 1763 constans!
938 1715 1044 1792 quam
1060 1689 1235 1763 bonarum

233 1816 272 1891 iu
296 1844 334 1906 re
359 1816 499 1920 publica
520 1817 692 1919 partium!
716 1814 785 1891 Hic
812 1815 979 1917 epistolas
1005 1815 1105 1889 affert
1131 1815 1235 1914 duas,

233 1968 342 2017 unam
366 1957 427 2017 tuo
452 1944 611 2043 nomine,
637 1942 782 2017 alteram
805 1944 973 2040 Antonii,
999 1941 1061 2015 dat
1085 1942 1233 2016 Servilio

233 2069 376 2145 tribuno
392 2070 603 2172 plebis31ille
619 2071 795 2144 Cornuto:
820 2071 1012 2142 recitantur
1036 2072 1073 2142 in
1099 2085 1234 2143 senatu.

232 2196 422 2272 Anrourvs
452 2199 602 2272 Pnocos.
633 2199 760 2296 Magna
794 2196 997 2294 admiratio,
1022 2210 1063 2269 ut
1086 2197 1117 2269 si
1142 2211 1236 2269 esset

232 2322 434 2421 recitatum,
457 2324 667 2396 Dorsennus
692 2325 922 2421 lneausron,
947 2349 966 2394 a
994 2347 1065 2424 quo
1090 2322 1234 2424 quidem

233 2461 404 2522 venerunt
425 2448 613 2522 tabellarii:
630 2449 693 2523 sed
709 2476 813 2522 nemo
832 2448 897 2523 Pili
916 2448 1054 2548 similis,
1070 2451 1131 2551 qui
1148 2475 1233 2550 pro-

232 2571 321 2647 ferre
346 2572 468 2647 literas
501 2574 666 2673 auderet,
699 2590 760 2647 aut
792 2575 1050 2674 magistratibus
1076 2574 1233 2649 reddere.

232 2696 331 2772 Tuae
356 2701 562 2800 recitantur,
586 2701 711 2776 breves
736 2703 815 2777 illue
842 2703 1000 2805 quidem,
1025 2702 1088 2775 sed
1105 2705 1142 2774 in
1159 2707 1233 2777 An-

230 2827 369 2899 tonium
406 2827 597 2901 admodum
629 2828 745 2928 lenes3
779 2829 1004 2903 vehementer
1041 2830 1233 2903 admiratus

232 2965 391 3052 senatus,
417 2954 507 3027 milri
531 2970 649 3028 autem
674 2981 748 3028 non
776 2971 852 3029 erat
885 2955 1114 3056 explicatum,
1146 2957 1232 3057 quid

233 3104 389 3179 agerem,
421 3081 522 3156 falsos
555 3081 728 3156 dicerem?
761 3083 846 3183 quid
879 3085 908 3155 si
941 3098 978 3155 tu
1011 3108 1070 3155 eas
1101 3108 1233 3183 appro-

230 3204 374 3281 basses?
397 3208 677 3283 Confirmarenri
710 3235 782 3281 non
817 3224 892 3282 erat
924 3209 1104 3307 dignitatis
1140 3222 1232 3282 tuae.

231 3332 354 3435 Itaque
387 3335 443 3409 ille
476 3336 550 3409 dies
583 3336 730 3410 silentio.
762 3337 937 3409 Postridie
971 3349 1088 3408 auteur
1123 3363 1231 3438 quum

231 3481 344 3533 sermo
370 3462 614 3562 increbuisset,
642 3463 806 3565 Pilusque
839 3461 960 3535 oculos
986 3438 1230 3536 vehementius

230 3583 412 3659 hominum
439 3587 661 3688 offendisset,
687 3604 810 3661 notum
836 3589 981 3661 omnino
1014 3602 1068 3661 est
1099 3590 1230 3689 princi-

230 3712 328 3810 pium
355 3739 374 3784 o
402 3739 466 3785 me.
498 3716 551 3788 De
577 3714 787 3816 proconsule
812 3715 967 3788 Antonio
993 3714 1121 3812 multo,
1146 3714 1232 3788 Sex-

230 3837 299 3910 tius
317 3863 442 3911 causae
460 3865 532 3913 non
551 3841 669 3914 deluit.
694 3843 782 3915 Post
808 3867 959 3913 mecum:
978 3855 1111 3942 quanto
1128 3868 1230 3914 suurn
1295 3870 1298 3875 ·

231 3963 357 4062 lilium,
389 3981 523 4066 quanto
551 3994 668 4042 meum
694 3969 730 4040 in
756 3967 912 4068 periculo
940 3968 1091 4042 luturunr
1124 3969 1233 4041 duce·
