2624 4830
256 428 328 503 206
573 443 742 493 erroroua
768 445 928 495 occcxur.
1025 448 1055 495 e.
1072 450 1106 498 v.
1124 451 1153 498 c.
1172 463 1218 512 ,ιο

255 551 445 645 carissime,
469 549 593 646 Brute,
617 544 661 618 de
688 570 743 618 me
767 560 863 619 metu
888 547 1008 621 libero.
1034 551 1112 648 Ego
1134 554 1245 652 enim,

255 701 344 777 quae
371 674 547 774 provideri
574 684 756 772 poterunt,
788 697 861 745 non
892 673 989 746 fallar
1013 676 1050 747 in
1075 677 1132 750 iis:
1157 705 1244 780 quae

255 802 454 875 cautionem
478 824 550 872 non
584 797 763 871 habebunt
779 799 805 895 ⁸,
830 798 873 870 de
903 800 944 872 iis
969 825 1044 872 non
1069 802 1118 874 ita
1143 802 1243 877 valde

254 926 385 1002 laboro.
420 924 492 997 Sim
518 925 610 997 enim
640 922 825 1023 impudens
842 941 868 1021 9,
892 925 921 996 si
946 923 1024 1023 plus
1053 925 1243 1028 postulem,

255 1076 361 1153 quam
379 1049 514 1123 homini
531 1076 551 1122 a
568 1074 682 1122 rerum
707 1062 831 1121 natura
857 1048 961 1120 tribui
986 1064 1112 1149 potest
1137 1054 1244 1144 Quod

199 1182 202 1187 ’
255 1177 341 1248 mibi
366 1174 555 1276 praecipis,
578 1187 620 1248 ut
644 1199 804 1272 caveam,
829 1198 873 1245 ne
897 1174 1055 1247 timendo
1075 1179 1183 1275 magis
1201 1179 1243 1250 ti·

256 1327 349 1374 mere
375 1327 491 1400 cogar:
516 1313 552 1372 et
577 1301 752 1398 sapienter
776 1313 812 1372 et
838 1301 1042 1373 amicissime
1061 1304 1239 1403 praecipis.

255 1426 325 1499 Sed
349 1425 453 1498 velim
478 1425 541 1497 tibi
573 1424 800 1524 persuadeas,
832 1452 938 1526 quum
964 1440 999 1498 te
1024 1440 1160 1500 constet
1185 1454 1242 1500 ex-

254 1551 377 1625 cellere
400 1551 469 1624 boc
494 1573 618 1647 genere
642 1551 794 1648 virtutis,
819 1565 858 1622 ut
883 1577 1072 1652 numquam
1097 1555 1240 1626 extime-

253 1702 346 1776 scas,
369 1701 559 1777 numquam
584 1675 804 1776 perturbere,
829 1701 885 1748 me
909 1676 990 1749 buic
1017 1691 1096 1749 tuae
1122 1680 1240 1752 virtuti

254 1805 410 1905 proxime
434 1802 608 1876 accedere.
634 1802 872 1894 Quamobrem
895 1827 960 1874 nec
978 1817 1131 1875 metuam
1148 1805 1240 1905 quic·

255 1956 376 2032 quam,
400 1943 436 2003 et
461 1928 593 2002 carebo
606 1943 636 1980 ¹⁰
653 1929 779 2001 omnia.
803 1927 874 2000 Sed
892 1927 989 2027 vide,
1013 1954 1057 2001 ne
1075 1943 1134 2002 tua
1151 1930 1239 2026 iam,

234 2058 301 2130 -mi
326 2059 452 2155 Bmte,
476 2054 578 2157 culpa
604 2054 717 2127 lutura
743 2055 842 2151 situ,
857 2055 885 2126 si
912 2079 976 2152 ego
994 2054 1180 2154 quicquam
1197 2059 1238 2127 ri-

253 2160 375 2255 meam.
401 2182 487 2254 Tuis
506 2182 597 2253 enim
616 2180 742 2281 opibus
759 2192 795 2252 et
811 2178 992 2253 consulatu
1019 2192 1091 2277 tuo,
1106 2181 1238 2252 etiamsi

253 2306 365 2379 timidi
390 2332 559 2406 essemus,
584 2320 701 2378 tamen
726 2330 866 2379 omnem
891 2306 1051 2378 timorem
1077 2305 1237 2380 abiicere·

165 2412 168 2417 ¹
253 2456 346 2503 mus:
371 2433 573 2530 praesertim
600 2458 707 2533 quum
733 2457 935 2531 persuasum
958 2430 1120 2505 omnibus
1136 2445 1238 2527 essct,

253 2555 407 2659 mihique
430 2559 594 2656 maxime,
620 2584 640 2631 a
665 2570 700 2630 te
725 2583 790 2631 nos
810 2573 838 2609 ¹²
863 2559 964 2630 unice
983 2557 1088 2656 diligi.
1117 2558 1236 2631 Consi-

251 2680 306 2754 liis
332 2683 416 2781 tuis,
444 2709 532 2783 quae
557 2682 678 2756 scribis
704 2682 747 2755 de
774 2696 922 2785 quatuor
944 2681 1154 2782 legionibus,
1179 2682 1237 2755 de·

252 2833 320 2909 que
337 2810 426 2906 agris
444 2807 658 2906 assignandis
676 2808 719 2880 ab
738 2810 891 2910 utrisque
905 2811 935 2860 ¹³
955 2784 1124 2908 vestrum,
1140 2806 1247 2898 rebe-v

251 2947 387 3007 menter
403 2937 580 3010 assentior.
602 2937 741 3036 Itaque,
758 2962 863 3037 quum
882 2935 1022 3036 quidam
1039 2935 1084 3007 de
1101 2933 1236 3032 collegis

251 3061 379 3133 nostris
398 3059 428 3128 ¹⁴
453 3063 621 3160 agrariam
647 3065 863 3136 curationem
879 3061 1090 3161 ligurrirent,
1116 3060 1236 3134 distur-

250 3184 333 3259 bavi
357 3213 445 3286 rem,
469 3201 649 3290 totamque
673 3188 775 3261 vobis
800 3188 971 3286 integram
995 3186 1176 3260 reservari.
1200 3181 1236 3254 Si

251 3312 337 3412 quid
362 3314 428 3386 erit
451 3313 639 3415 occultius,
673 3299 724 3412 et‘,
756 3329 796 3387 ut
826 3313 966 3411 scribis,
999 3311 1234 3406 reconditum,

250 3463 408 3515 meorum
436 3441 586 3546 aliquem
619 3444 771 3540 mittam,
806 3466 875 3541 quo
907 3438 1043 3514 fidelius
1069 3438 1115 3514 ad
1141 3451 1174 3512 te
1196 3433 1234 3508 li·

250 3576 345 3638 terae
369 3568 594 3667 perferantur.
619 3568 736 3644 Pridie
760 3567 879 3643 Nonas
904 3567 979 3640 Iun.
1054 3653 1058 3660 Ι
