2624 4830
222 398 311 477 -ιδο
554 412 724 465 ertsroca
751 417 904 464 ccccxii.
1019 416 1050 464 r.
1066 414 1139 465 nc.
1155 425 1202 473 rra

237 542 313 597 rum
340 519 488 621 pessime
512 507 693 619 acceptae}
710 514 825 591 Biduo
852 531 908 590 me
930 516 1103 591 Antonius
1128 534 1228 593 aute

238 642 353 746 cessit,
377 645 500 724 itinera
525 643 635 721 multo
668 645 799 717 maiora
832 641 963 743 lugiens
980 656 1006 742 9,
1031 669 1137 745 quam
1162 668 1227 744 ego

237 791 393 880 sequeus,
417 769 481 844 Ille
497 771 589 848 enirn
607 771 647 848 iit
664 770 809 870 passim,
828 752 892 871 ego
910 766 1107 846 ordinatim.
1134 770 1227 864 Qua·

213 926 215 931 ·
238 916 385 998 eumque
402 895 455 995 ilt,
471 885 641 995 ergastula
658 895 778 994 solvit,
793 889 950 968 homines
969 893 1129 997 arripuit,
1146 922 1227 975 oon·

180 1090 197 1100 .
237 1023 325 1099 stitit
340 1046 511 1132 nusquam
529 1024 634 1123 prius,
650 1048 754 1123 quam
769 1021 815 1093 ad
826 1020 927 1094 Vada
940 1037 968 1072 ¹⁰
987 1025 1093 1095 venit.
1111 1023 1226 1115 Quem

235 1142 353 1224 locum
378 1147 459 1222 volo
486 1147 550 1224 tibi
574 1174 648 1221 esse
673 1162 805 1220 notum.
835 1148 931 1220 Iacet
955 1147 1046 1221 inter
1070 1149 1227 1248 Apenni-

208 1291 213 1311 ·
236 1292 321 1355 nuru
338 1286 374 1347 et
389 1272 513 1375 Alpes,
528 1269 810 1375 impeditissimus
826 1289 853 1330 ¹¹
873 1273 919 1346 ad
935 1275 1000 1347 iter
1016 1271 1224 1352 laciendum.

236 1397 355 1492 Quum
380 1399 536 1473 abessem
561 1396 605 1474 ab
631 1423 673 1480 eo
699 1397 803 1472 millia
830 1375 994 1500 passuum
1013 1401 1174 1499 triginta,
1190 1414 1225 1479 et

235 1546 273 1604 te
300 1522 369 1607 itm
394 1525 579 1604 Ventidius
598 1539 628 1576 ¹²
654 1525 905 1622 coniunxisset,
928 1526 1054 1613 ,ooncio
1080 1528 1154 1600 eius
1179 1525 1225 1604 ad

234 1669 292 1732 rue
308 1661 362 1726 est
387 1648 503 1747 allata,
527 1650 564 1723 in
589 1679 656 1753 qua
675 1665 792 1751 petere
810 1652 928 1752 ooepit
944 1677 964 1723 a
982 1651 1167 1750 militibus,
1186 1663 1225 1726 ut

235 1795 273 1857 te
297 1787 392 1850 trans
417 1776 523 1877 Alpes
548 1792 790 1881 sequerentur,
819 1777 885 1850 sibi
911 1801 991 1850 oum
1016 1776 1063 1852 Μ.
1088 1776 1224 1878 Lepido

236 1904 429 1978 convenire.
456 1903 712 1986 succlamatum
737 1916 806 2002 est,
834 1915 869 1976 et
894 1903 1093 2005 frequenter
1117 1929 1137 1976 a
1162 1905 1225 1976 mi·

235 2024 354 2112 litibus
379 2028 599 2114 Ventidianis
626 2040 723 2119 (uam
757 2056 838 2103 suos
870 2028 972 2103 valde
1004 2056 1110 2132 quam
1139 2056 1224 2130 poue

236 2179 298 2228 cos
316 2155 346 2204 ¹³
371 2151 513 2255 hahet),
538 2153 602 2228 sibi
628 2157 747 2229 autin
773 2154 871 2228 Italia
898 2154 1115 2254 pereundum
1135 2180 1226 2254 esse,

236 2291 297 2352 aut
313 2278 543 2355 vincendum:
569 2292 605 2354 et
621 2308 719 2356 ortare
736 2296 942 2382 coeperunt,
961 2297 1000 2354 ut
1015 2279 1224 2358 Pollentiam

234 2405 301 2477 iter
325 2404 486 2480 lacerent.
512 2405 630 2499 Quum
656 2411 824 2480 sustinere
850 2433 910 2480 eos
935 2431 1007 2480 non
1029 2422 1164 2507 posset,
1189 2409 1224 2480 in

234 2543 415 2630 posterum
442 2531 534 2617 diem
560 2533 625 2607 iter
645 2558 744 2610 suurn
763 2533 913 2614 contulit
932 2533 969 2604 ¹l.
995 2534 1070 2610 Hac
1088 2560 1125 2606 re
1142 2533 1223 2606 milri

234 2655 402 2755 nuntiata,
418 2660 536 2733 statim
555 2660 707 2764 quinque
725 2659 886 2734 cobortes
904 2658 1113 2740 Pollentiam
1130 2685 1223 2759 prae·

233 2783 328 2882 misi,
352 2806 537 2885 meumque
563 2785 628 2866 iter
652 2813 694 2858 eo
721 2786 860 2866 contuli.
879 2787 982 2870 'Hora
1000 2796 1081 2866 aitte
1099 2786 1224 2886 praesi-

164 2925 168 2935 ’
234 2906 332 2987 dium
356 2933 473 2985 meum
497 2908 706 2995 Pollentiam
723 2915 834 3011 venit,
861 2939 964 3015 quam
981 2911 1176 2995 Trebellius
1193 2911 1221 2969 ¹⁵

234 3060 315 3139 eum
341 3036 525 3138 equitibus.
559 3039 648 3110 Sane
681 3066 784 3140 quarn
810 3066 886 3111 snm
913 3041 1065 3138 gavisus!
1090 3039 1131 3111 In
1157 3037 1220 3110 boo

233 3162 324 3233 enirn
352 3165 533 3240 victoriam
569 3179 655 3265 puto
689 3167 885 3238 consistere.
917 3168 958 3236 In
990 3190 1090 3264 spem
1124 3189 1221 3235 vene.

231 3302 310 3360 rant
330 3276 369 3387 ³⁶,
394 3290 490 3392 quod
514 3312 626 3395 neque
651 3287 771 3366 Planci
797 3306 947 3393 quatuor
970 3290 1124 3389 legiones
1150 3314 1220 3361 om·

231 3412 334 3499 nibus
359 3418 428 3500 suls
454 3419 564 3518 copiis
598 3441 699 3518 pares
731 3417 1004 3512 arbitrabantur,
1037 3441 1151 3519 neque
1182 3435 1219 3486 ex

232 3531 331 3625 Italia
359 3551 428 3629 lant
456 3543 612 3626 celeriter
637 3547 825 3635 exercitum
852 3547 960 3622 tretici
987 3569 1091 3642 posse
1108 3523 1226 3615 erede*

232 3659 327 3748 bant.
354 3667 453 3766 QUOS
479 3671 544 3769 ipsi
572 3671 686 3745 adlruc
710 3674 792 3752 satis
809 3684 1008 3770 arroganter
1023 3686 1050 3746 ¹t
1069 3667 1220 3761 Allobro*

233 3812 309 3888 ges,
334 3793 574 3895 equitatusque
601 3800 734 3896 omnis,
751 3789 822 3900 ¹qui
848 3824 890 3870 eo
916 3795 1125 3898 praemissus
1152 3803 1220 3866 erat

234 3939 253 3999 a
279 3913 396 4018 nobis,
420 3919 653 4019 sustinebant3
678 3940 867 4025 nostroque
893 3924 1044 4002 adventu
1064 3917 1220 4001 sustiueri
