2624 4830
482 485 516 530 tn
543 480 719 532 nunnonns
1024 460 1090 532 501

97 607 136 651 no
157 583 317 667 Triumphi
338 595 368 644 et
388 584 564 644 consulatus.
578 587 761 666 petitionem.
786 581 909 645 conrad.

98 719 134 756 αι
160 692 265 755 Lamb.
286 693 362 754 miti
371 692 436 773 jiu't
458 715 504 764 n.‚·
526 691 594 752 edd.
615 714 660 775 pr.
681 691 837 771 necesses.
859 713 898 750 m.
927 743 928 746 ,

100 825 140 864 22
162 801 248 862 nmb.
270 800 290 861 6
310 815 418 862 nostro.

97 913 136 972 23
158 911 203 969 Ex
225 907 312 970 codd.
334 908 434 968 multis
454 906 767 990 E1·nestiusperinde‚'
789 907 848 967 hoc
868 920 926 990 est,
954 907 993 968 ad
1016 930 1099 968 eum-

138 1018 208 1078 dem
232 1016 370 1092 modum,
390 1015 522 1074 similiter
543 1025 696 1096 tamquam
717 1013 820 1076 filium.
849 1015 919 1075 Cfee
937 1016 1097 1076 Burmann.

137 1123 176 1184 ad
198 1124 322 1202 Quintil.
337 1123 375 1201 V,
387 1144 423 1207 9,
436 1144 466 1205 p.
482 1122 559 1206 3933
572 1124 686 1183 Munut
701 1123 740 1183 nd
754 1120 839 1184 Fam.
852 1124 898 1206 X,
912 1124 933 1200 4
946 1135 977 1183 et
990 1124 1096 1184 Gtuev.

138 1231 177 1290 ud
198 1230 353 1291 hune'loc.

100 1340 140 1414 πί,
161 1338 223 1399 Seis
243 1350 292 1420 tu,
320 1336 352 1399 id
377 1335 449 1397 mihi
477 1345 575 1396 tecum
602 1357 663 1397 esse
690 1357 865 1419 commune,
891 1339 913 1397 si
941 1336 1097 1399 caesarem

138 1445 335 1511 Octavianum
357 1463 440 1524 ωηο,
460 1446 575 1526 primo,
595 1446 681 1525 quia,
702 1465 796 1526 quum
819 1445 894 1504 lulio
916 1445 1033 1504 Cuesun
1055 1468 1099 1504 es·

137 1574 213 1634 sem,
228 1551 300 1612 dum
315 1551 362 1613 itte
373 1554 499 1630 viveret,
520 1551 686 1630 familiaris,
699 1554 776 1612 tueri
791 1530 990 1613 Octavianum
1003 1552 1098 1614 filium

136 1663 199 1720 eius
219 1660 290 1720 mihi
305 1659 508 1740 fuitnecesse3
529 1657 651 1741 deinde,
672 1662 741 1741 quie
763 1661 824 1742 ipse
846 1659 1098 1721 Octavianushu·

135 1769 294 1828 manissimi
307 1767 362 1828 tuit
375 1785 494 1849 sensu53
514 1769 617 1844 tertio,
631 1769 702 1847 quie
715 1777 802 1847 turpe
816 1767 887 1827 mihi
902 1778 992 1850 esset,
1009 1769 1098 1828 Oeta·

135 1878 256 1937 viauutn
276 1894 336 1935 uon
356 1872 407 1934 filii
429 1874 495 1934 loco
517 1894 632 1944 amare,
653 1894 742 1954 quem
763 1872 854 1933 lulius
874 1872 984 1934 Caesar
997 1885 1097 1935 etnuo

133 1993 164 2044 et
184 1994 281 2044 vestro
302 1982 412 2043 iudicio
433 1979 600 2062 adoptavit,
621 2002 716 2062 quum
735 1982 855 2060 insignis
876 1984 1009 2042 amicitiu‘
1031 2002 1098 2042 mea

134 2089 223 2150 fuerit
242 2103 273 2153 et
292 2091 358 2151 Iulii
379 2090 512 2150 Caesaris
533 2089 596 2147 eius
616 2090 719 2169 patris.

93 2195 133 2254 25
154 2195 288 2255 Lumbin.
311 2207 339 2255 et
361 2195 438 2255 Otiv.
460 2195 493 2254 id
512 2214 605 2254 omne.
627 2193 825 2254 Octavianum
854 2207 987 2273 accusat,
1013 2195 1097 2276 quud

134 2325 189 2364 nec
208 2305 246 2364 D.
268 2305 362 2364 Bruto
383 2302 566 2364 reconciliari
586 2300 665 2385 vult,
685 2322 740 2362 uec
758 2304 919 2363 Antonium
934 2303 1097 2385 fugientem

135 2432 283 2495 persequt.

93 2518 133 2579 26
155 2521 375 2578 Aversissimnm
396 2519 526 2579 Antonio
548 2528 577 2578 et
597 2516 712 2601 Lepido
733 2529 856 2601 propter
877 2521 1011 2580 Asinium
1025 2521 1098 2583 Pot-

131 2627 257 2704 liouem,
277 2629 329 2708 qui
347 2625 392 2697 ‚ibi
411 2626 502 2687 habet
521 2629 692 2687 exereitum.
714 2626 770 2687 Atii
786 2648 856 2687 eum
869 2629 976 2688 Lemb.
990 2628 1097 2691 adven·

132 2734 430 2797 siusium-Eodem
454 2755 557 2796 seusu:
580 2733 663 2796 Ones.
684 2735 717 2795 B.
740 2734 801 2794 civ.
825 2736 884 2815 ΙΙΙ,
902 2757 973 2816 107:
994 2735 1099 2797 aduen-

132 2842 244 2902 sisst'mi
269 2842 474 2922 navigantibus
501 2843 592 2914 ventis
616 2841 733 2903 Tullius
762 2863 808 2925 ep.
831 2843 1003 2903 CCCXCVI
1029 2841 1096 2904 fin:

133 2950 259 3033 Quintus
279 2951 468 3011 aversissima
488 2970 510 3010 a
530 2959 577 3010 me
591 2949 692 3010 animo
706 2985 747 2995 —-
772 2951 822 3010 ut't
843 2949 1027 3032 Plenumque
1041 2954 1098 3011 mi·

132 3068 252 3117 seentur
271 3060 302 3117 in
324 3078 391 3117 mss.
414 3058 494 3119 Tum
516 3056 607 3139 vulgo
628 3058 689 3128 im,-
708 3055 760 3117 sed
782 3056 843 3116 iltis
864 3078 932 3117 cum
948 3057 1095 3118 Latnltiuo

132 3174 163 3224 et
183 3163 321 3225 Schtitzio
348 3165 450 3225 malui.
480 3164 558 3224 {nfra
578 3177 731 3224 extmsum
752 3162 864 3223 babent
888 3150 950 3222 Pel.
972 3174 1045 3224 sext.
1067 3175 1099 3224 et

133 3271 222 3355 Hitt,
248 3282 322 3332 teste
351 3270 604 3348 Graev10,Amb.
631 3270 682 3353 13,
708 3271 779 3329 Rec.
802 3280 831 3329 et
851 3269 897 3329 ed.
919 3270 1000 3330 Med.
1021 3270 1098 3329 Cor-

131 3389 220 3462 rupte
240 3378 349 3441 Ambb.
371 3378 457 3439 multi
485 3391 513 3439 et
532 3399 650 3456 mnus,
671 3375 718 3436 vel
737 3389 766 3436 ct
784 3397 919 3445 rursum
942 3396 975 3436 ex
989 3375 1099 3459 quibus

133 3496 233 3546 tamen
253 3489 361 3546 veritus
383 3489 521 3568 autiquae
543 3484 674 3545 lectionis
695 3493 828 3566 apparet.
849 3481 954 3542 Lutub.
974 3495 1005 3543 et
1019 3482 1096 3544 Otiv.

130 3590 298 3665 demtsum5
319 3593 366 3654 eet
388 3596 442 3654 tto.
463 3593 614 3655 detmsum
634 3591 807 3652 videremus.

92 3719 130 3778 27
155 3699 292 3761 Salutate
314 3703 393 3761 enim
415 3699 544 3761 debebat
566 3719 635 3762 esse,
656 3698 840 3779 Octaviano,
859 3699 1021 3758 Antonium
1042 3696 1098 3759 sibi

34 3851 41 3864 .
133 3807 288 3868 inimicum
306 3817 431 3892 propter
450 3806 598 3889 proelium
619 3805 786 3867 Mutinense
806 3803 848 3866 de
865 3802 964 3865 medio
983 3803 1100 3867 tolleres

136 3912 214 3974 Hine
235 3936 283 3998 ep.
303 3914 521 3976 DCCCXLVll
544 3915 621 3974 cirea
641 3911 692 3975 fin.
714 3913 752 3975 de
772 3914 837 3998 ipso
857 3912 1022 3973 Octaviano
1042 3912 1097 3972 'ci-

131 4042 219 4084 ceno:
239 4022 324 4090 cuiut
344 4022 440 4104 ipsius
460 4042 600 4104 magum
618 4021 720 4106 agian
735 4021 920 4107 perunum„
955 4054 986 4077 n<
1074 4023 1100 4065 .·.·
