2624 4830
146 409 147 412 '
240 410 312 483 388
591 425 761 477 sersaoni
787 429 881 475 xxvi.
1019 425 1051 471 t.
1069 427 1102 473 v.
1119 427 1149 480 c.
1168 437 1215 487 2¹·

237 531 403 633 giendum
430 528 540 602 maius
566 530 627 627 sit,
653 528 762 602 levius
787 541 841 601 est
866 525 1072 625 eligendum.
1098 524 1165 601 Ille
1191 541 1241 599 ta·

236 685 319 734 meu
345 684 384 730 ea
412 653 596 755 exorabat,
622 682 711 758 quae
730 653 871 728 volebat
889 653 1038 725 auferre:
1064 665 1103 724 tu
1122 665 1270 724 extor·-

239 810 335 890 ques.
359 782 422 856 Ille
440 781 563 856 consul
587 782 806 881 provinciam
831 778 990 880 petebat:
1017 793 1054 852 tu
1082 780 1241 878 privatus

236 909 444 1010 concupisti.
461 908 526 1008 Ille
544 908 590 983 ad
607 909 779 982 malorum
798 906 947 982 salutem
966 905 1094 978 iudicia
1113 905 1242 977 consti·

236 1035 376 1135 tuebat,
401 1048 438 1108 et
462 1034 555 1134 leges
573 1033 720 1108 serebat:
746 1047 784 1106 tu
811 1033 857 1106 ad
874 1033 1066 1133 perniciem
1084 1031 1241 1131 optimo·

234 1187 322 1237 rum.
346 1160 410 1235 Ille
434 1189 452 1233 a
476 1161 644 1260 sanguine
661 1175 697 1232 et
713 1158 877 1233 incendio
896 1183 1077 1232 servorum
1094 1157 1241 1256 Capito-

233 1289 320 1364 lium
345 1286 525 1361 tuebatur:
550 1301 588 1360 tu
615 1313 738 1361 cruore
755 1284 948 1359 etflamma
973 1297 1101 1357 cuncta
1123 1282 1240 1356 delere

234 1414 298 1488 vis.
323 1414 374 1511 Si,
399 1413 460 1514 qui
486 1411 593 1486 dabat
610 1413 808 1514 provincias
825 1412 964 1509 Cassio,
989 1424 1025 1482 et
1049 1411 1184 1508 Brutis,
1203 1422 1241 1481 et

184 1540 188 1547 ’
234 1537 301 1613 illis
326 1536 530 1611 custodibus
547 1539 699 1612 nominis
716 1539 846 1636 nostri,
871 1535 1057 1635 regnabat,
1083 1535 1170 1637 quid
1191 1536 1240 1609 sa·

233 1666 320 1762 ciet,
345 1664 405 1765 qui
422 1665 531 1736 vitam
549 1663 693 1737 adimitl
719 1664 770 1762 Si,
797 1666 855 1767 qni
873 1663 960 1737 urbe
977 1662 1161 1761 eiiciebat,
1186 1675 1241 1762 ty·

234 1815 364 1866 rannus
389 1802 479 1863 erat:
506 1815 611 1890 quem
636 1789 730 1863 hunc
758 1815 940 1886 vocemus,
966 1788 1025 1891 qui
1052 1814 1097 1861 ne
1116 1787 1238 1862 locum

233 1916 376 2018 quidem
402 1915 543 2017 reliquit
566 1915 708 1990 exsiliol
733 1917 856 2017 Itaque
873 1916 902 1988 si
921 1914 1005 2016 quid
1032 1913 1112 1988 illae
1129 1915 1239 1987 maio-

233 2068 313 2116 rum
338 2056 540 2116 nostrorum
564 2042 723 2143 sepultae
740 2042 905 2143 reliquiae
925 2042 1093 2141 sapiunt,
1108 2041 1137 2113 si
1164 2065 1240 2114 non

231 2194 302 2242 unu
329 2195 410 2242 cum
434 2194 582 2269 corpore
607 2196 729 2243 sensus
755 2169 870 2242 omnis
896 2194 968 2241 uno
987 2182 1092 2269 atque
1110 2167 1239 2240 eodem

232 2308 440 2398 consumtus
458 2309 512 2368 est
527 2296 617 2394 igni,
634 2294 720 2398 quid
736 2295 804 2368 illis
822 2294 1132 2394 interrogantibus,
1151 2293 1239 2395 quid

230 2432 311 2518 agat
335 2445 430 2493 nuuc
455 2419 608 2522 populus
634 2422 831 2518 Romanus,
856 2419 1087 2520 respondebit
1109 2418 1237 2521 aliquis

229 2544 491 2651 nostrrim,flui
508 2547 688 2646 proximus
714 2549 750 2618 in
776 2546 869 2620 illam
888 2559 1064 2619 aeternam
1084 2545 1233 2618 domum

230 2669 448 2744 discesserit?
480 2686 542 2745 aut
573 2699 678 2773 quem
710 2675 884 2774 accipient
912 2673 955 2746 de
982 2674 1053 2746 suis
1081 2674 1234 2771 posteris

228 2796 389 2868 nuntium
415 2797 466 2870 illi
491 2812 624 2871 veteres
641 2799 813 2898 Africani,
832 2802 993 2899 Maximi,
1013 2799 1144 2898 Paulli,
1162 2800 1235 2871 Sci·

229 2920 375 3020 pionesl
401 2922 486 3023 quid
512 2922 556 2994 de
580 2950 639 2997 sua
659 2926 772 3025 patria
790 2927 952 3024 audient,
977 2953 1082 3026 quarn
1097 2924 1232 3025 ,spoliis

226 3046 481 3150 triumphisque
508 3048 741 3125 decoramutl
774 3080 818 3125 an
851 3079 926 3126 esse
953 3052 1141 3153 quemdam
1169 3078 1234 3123 an-

225 3195 292 3245 nos
316 3172 427 3247 XVII
452 3187 591 3275 natum,
625 3179 722 3252 cuius
755 3161 851 3254 avus
867 3179 972 3252 suerit
997 3179 1235 3276 argentarius,

149 3355 153 3368 .
225 3295 458 3398 adstipulator
482 3316 600 3402 pater,
628 3317 772 3406 uterque
801 3330 884 3377 vero
911 3306 1106 3405 precarium
1125 3331 1231 3405 quae·

222 3435 316 3497 stum
340 3423 475 3526 fecerit,
502 3428 567 3502 sed
592 3427 679 3503 alter
703 3457 812 3532 usque
847 3430 894 3503 ad
927 3445 1164 3527 senectutem,
1189 3444 1230 3501 ut

221 3573 297 3622 uon
320 3565 480 3649 negaret:
506 3552 594 3628 alter
619 3581 638 3628 a
665 3559 831 3657 pueritia,
857 3572 897 3631 ut
925 3583 998 3631 nou
1018 3570 1138 3657 posset
1156 3582 1230 3629 non

154 3714 155 3718 ¹
221 3676 397 3749 confiteri:
422 3702 504 3751 eum
528 3706 647 3778 agere,
681 3709 817 3784 rapere,
840 3710 912 3756 rem
946 3683 1145 3783 publicam,
1171 3682 1228 3753 cui

222 3797 315 3872 nulla
343 3802 470 3899 virtus,
496 3805 610 3879 nullae
638 3807 733 3880 bello
768 3810 935 3883 subactae
969 3824 1005 3882 et
1038 3809 1084 3881 ad
1115 3808 1229 3906 impe·

220 3924 310 4019 tium
328 3925 513 4003 adiunctae
531 3935 736 4034 provinciae
747 3991 758 4034 ,
775 3935 868 4009 nulla
890 3937 1038 4035 dignitas
1057 3935 1230 4007 maiorum
