2624 4830
237 413 309 510 224
581 433 751 513 errsroua
778 433 890 483 ncces.
1004 435 1036 483 s.
1053 436 1087 484 v.
1105 436 1133 483 c.
1153 449 1200 498 ,ιο

518 739 522 748 .
652 659 813 733 DCCCL·
963 699 1018 758 (Aa
1032 701 1086 749 nn.
1102 701 1160 760 xn,
1173 705 1203 761 9)

234 839 452 919 argumetum.
472 835 531 898 Res
556 839 588 897 in
613 838 682 897 Asia
706 845 803 915 gestus
824 834 944 895 Romae
969 837 1119 915 ignorari,
1145 857 1226 896 surn-

275 964 355 1004 mam
376 963 448 1004 vero
468 945 510 1003 mi
532 939 615 1024 publ.
636 961 720 1022 spem
741 943 771 1001 iu
793 939 895 1000 Cassio
915 941 1038 1020 eiusque
1059 943 1151 1022 copiis
1173 963 1226 1024 pu-

274 1051 361 1110 nitam
382 1069 445 1110 esse
465 1045 576 1109 scribit.

410 1279 464 1332 Ser.
483 1279 578 1331 llumue
596 1279 627 1330 Δ.
646 1278 679 1330 V.
697 1277 726 1330 C.
745 1276 852 1344 DCCX,
868 1293 955 1331 mense
973 1277 1055 1331 lunio.

552 1473 697 1539 CICERO
721 1473 859 1539 CASSIO
883 1474 914 1538 S.

285 1665 443 1738 Brevitas
472 1675 610 1735 tuarum
641 1660 817 1735 literarum
843 1689 899 1736 me
924 1687 1064 1763 qnoque
1089 1662 1228 1736 brevio·

236 1816 310 1865 rem
334 1788 371 1862 in
399 1785 585 1861 scribendo
616 1786 715 1859 lacit:
746 1800 800 1884 et,
829 1812 912 1860 vere
936 1799 977 1860 ut
1001 1785 1115 1860 dicam
1122 1843 1133 1886 ,
1158 1815 1229 1861 non

235 1915 320 1990 satis
344 1914 513 2014 occurrit,
545 1910 631 2014 quid
661 1909 813 1985 scribam
832 1926 855 1983 ¹.
879 1911 1026 1986 Nostrae
1058 1914 1151 1985 enim
1176 1941 1229 1986 res

236 2041 275 2114 in
291 2042 377 2115 actis
395 2039 539 2140 perferri
555 2037 600 2112 ad
619 2051 653 2111 te
671 2050 769 2112 certo
791 2038 882 2136 sci03
909 2051 986 2111 tuus
1003 2051 1119 2111 aulem
1136 2039 1230 2137 igno·

237 2193 362 2241 ramus.
393 2166 588 2267 Tamquam
617 2165 709 2236 enim
736 2161 851 2236 clausa
877 2163 923 2236 sit
945 2163 1044 2263 Asia,
1069 2165 1119 2237 sic
1144 2162 1229 2237 nihil

237 2290 408 2390 perfertur
439 2288 486 2363 ad
518 2315 602 2388 nos,
625 2302 763 2389 praeter
794 2313 950 2362 rumores
983 2287 1028 2363 de
1060 2314 1230 2390 oppresso

236 2412 432 2513 Dolabella,
448 2415 531 2487 satis
548 2412 627 2487 illos
643 2413 786 2515 quidem
803 2425 1022 2514 constantes,
1036 2414 1099 2488 sed
1116 2414 1230 2488 adhue

237 2539 313 2612 sine
337 2552 488 2613 auctore.
513 2538 603 2639 Nos,
629 2539 827 2612 consectum
852 2539 981 2614 bellum
1007 2567 1115 2641 quum
1133 2555 1230 2642 puta·

236 2687 369 2761 remus,
394 2676 539 2763 repente
563 2690 583 2736 a
609 2664 745 2764 Lepido
771 2678 833 2737 tuo
858 2665 894 2737 in
920 2692 1092 2738 summam
1116 2666 1230 2739 solici-

237 2787 395 2861 tudinem
427 2788 570 2862 adducti
603 2816 721 2863 snmus
741 2807 764 2864 ².
791 2793 914 2892 ltaque
946 2791 1117 2891 persuade
1151 2791 1231 2889 ribi,

237 2915 421 2987 maximam
448 2915 497 2988 rei
521 2914 683 3016 publicae
709 2918 870 3016 spemin
897 2930 930 2990 te
956 2930 992 2990 et
1018 2919 1054 2990 in
1081 2919 1149 2991 tuis
1175 2944 1229 2990 co-

236 3039 335 3140 piis³
361 3067 444 3115 esse.
469 3041 605 3115 Firmos
638 3040 817 3117 omninot
842 3044 1013 3118 exercitus
1044 3042 1229 3117 habemus:

236 3164 300 3240 sed
326 3180 461 3267 tamen,
485 3181 525 3241 ut
550 3169 666 3242 omnia
693 3179 751 3255 (ut
775 3181 898 3269 spero)
924 3195 1091 3270 prospere
1109 3185 1229 3273 proce-

237 3291 341 3390 dant,
370 3292 518 3367 multum
548 3295 693 3368 interest
725 3308 759 3368 te
792 3296 910 3368 venire
927 3297 952 3367 ⁵.
978 3295 1112 3392 Exigua
1138 3295 1230 3366 enim

236 3443 317 3517 spes
342 3422 422 3491 est⁶
439 3421 489 3493 rei
514 3419 693 3520 publicae;
717 3447 797 3494 narn
824 3420 954 3492 nullam
981 3446 1053 3492 uon
1076 3417 1163 3491 libet
1180 3417 1229 3489 di·

235 3568 327 3615 cere:
352 3544 415 3617 sed
440 3571 679 3648 quaecumque
698 3561 767 3644 est,
792 3573 832 3621 ea
850 3545 1117 3646 despondeturr
1136 3569 1229 3616 anno

236 3667 436 3742 consulatus
463 3675 521 3743 tui.
547 3670 645 3744 Vale.
