2624 4830
251 424 319 475 122
560 416 731 480 unierunt
759 417 945 468 ncccxxnt.
1026 417 1060 468 A.
1073 419 1109 468 V·
1126 370 1159 471 ὁ.
1174 430 1223 484 21⁰

622 645 881 719 DCCCXXIII.
973 690 1027 746 (aa
1044 690 1098 736 oa.
1114 691 1161 754 xr,
1179 693 1223 747 ιι)

244 833 464 913 Argumeutmn.
484 824 692 910 Reprehendit
711 824 860 896 Brutum,
880 824 963 906 quod
984 822 1015 885 in
1038 824 1189 886 mandatis
1208 826 1245 887 od

284 948 419 1000 senatum
449 935 519 1019 plus
550 934 667 995 timoris
694 931 888 1003 ostendisset,
917 952 1009 1013 quam
1041 943 1163 1017 tempus
1190 954 1244 1015 po-

283 1045 416 1106 stuioret

376 1271 430 1323 Ser.
448 1269 544 1321 Romae
560 1267 592 1320 Α.
610 1266 642 1319 V.
661 1265 690 1318 C.
710 1265 816 1333 DCCX,
835 1263 912 1318 xttlt
934 1265 993 1316 lial.
1013 1265 1109 1318 lunias.

269 1467 313 1532 ll.
337 1468 374 1531 T.
399 1465 545 1531 CICERO
570 1464 608 1528 D.
632 1464 765 1529 BRVTO
790 1464 873 1528 latr.
898 1462 984 1529 COS.
1009 1464 1096 1528 DES.
1122 1464 1152 1528 S.
1177 1464 1214 1528 D.

287 1655 367 1729 Eoi
395 1679 438 1728 ex
469 1653 662 1753 mandatis,
694 1679 785 1755 quae
818 1653 953 1727 Galbae
977 1653 1241 1756 Volumnioque

239 1781 286 1855 ad
311 1796 472 1856 senatum
491 1779 636 1880 dedisti,
662 1780 748 1882 quid
765 1781 960 1855 timendum
976 1780 1240 1882 suspicandum·
1268 1756 1279 1769 '

239 1924 332 2012 que¹
352 1923 508 2011 putares,
524 1905 799 2007 suspicabamuq
816 1921 932 1980 tamen
952 1906 1128 1982 timidiora
1146 1934 1240 2018 uran-

239 2036 320 2110 data
340 2035 568 2135 videbantur,
591 2060 697 2136 quam
715 2047 791 2108 erat
807 2032 951 2132 dignum
969 2048 1028 2108 tua
1046 2033 1238 2137 populique

237 2162 386 2236 Romani
404 2162 550 2236 victoria
568 2176 593 2235 ⁸.
620 2160 768 2233 Senatus
794 2173 930 2259 autem,
954 2161 1003 2233 mi
1027 2161 1154 2260 Brute,
1170 2161 1238 2235 lor·

237 2287 283 2360 tis
308 2302 362 2361 est
375 2292 401 2387 ³,
417 2302 454 2361 et
469 2287 578 2361 babet
602 2286 710 2361 fortes
735 2286 851 2361 duces.
876 2288 1001 2390 Itaque
1025 2287 1173 2362 moleste
1190 2289 1238 2362 fe·

236 2410 353 2512 rebat,
385 2439 423 2486 se
447 2439 468 2484 a
493 2426 551 2511 te,
583 2439 688 2515 quem
720 2415 896 2514 omnium,
921 2415 1134 2518 quicumque
1157 2414 1238 2489 fuis·

236 2553 332 2638 sent,
357 2538 582 2612 fortissimum
608 2538 794 2640 iudicaret,
820 2540 982 2614 timidum
1008 2554 1115 2644 atque
1144 2542 1237 2641 igna

234 2691 320 2741 vum
355 2664 512 2739 iudicari.
543 2667 687 2738 Etenim
721 2694 852 2769 quum,
886 2681 919 2741 te
951 2666 1105 2767 incluso,
1136 2696 1236 2771 spem

234 2793 423 2865 maximam
448 2816 571 2865 omnes
600 2791 807 2867 habuissent
838 2796 875 2868 in
907 2808 968 2869 tua
993 2796 1139 2895 virtute,
1170 2795 1234 2869 sso-

234 2932 333 2992 rente
357 2918 534 2993 Antonio:
561 2919 637 3019 quis
662 2933 754 3019 erat,
779 2922 839 3023 qui
864 2922 1053 3024 quicquam
1079 2922 1235 3020 timeret,

232 3044 419 3147 profligato
444 3045 522 3144 illo,
546 3059 583 3118 te
606 3044 776 3121 liberato?
801 3047 876 3122 Nec
899 3074 984 3122 vero
1000 3047 1176 3150 Lepidum
1194 3047 1235 3121 ti·

232 3171 423 3247 ruebamus.
441 3173 530 3266 Quis
547 3174 641 3246 enirn
659 3188 765 3275 esset,
781 3175 847 3275 qui
859 3175 957 3249 illum
975 3188 1047 3249 tam
1063 3175 1233 3251 furiosum

232 3298 476 3399 arbitraretur,
501 3313 556 3399 ut,
582 3300 640 3402 qui
666 3302 703 3374 in
721 3301 873 3375 maximo
889 3300 984 3376 bello
1001 3326 1127 3405 pacem
1143 3299 1232 3375 velle

232 3451 270 3498 se
295 3425 455 3526 dixisset,
480 3427 510 3500 is
535 3427 570 3499 iu
597 3428 816 3529 optatissima
842 3455 931 3529 pace
954 3427 1086 3503 bellum
1103 3429 1154 3503 rei
1169 3455 1233 3530 pu·

231 3548 345 3624 blieae
376 3553 568 3626 indiceretl
600 3554 675 3627 Nee
701 3553 842 3653 dubito,
868 3556 952 3656 quin
979 3570 1017 3629 tu
1042 3555 1123 3656 plus
1148 3580 1232 3657 pro·

232 3673 353 3748 videas
369 3675 395 3751 4.
428 3678 499 3750 Sed
530 3693 647 3751 tamen
687 3696 760 3753 tam
792 3683 924 3756 recenti
956 3681 1189 3780 gratulatione
1205 3682 1230 3778 ⁵,

231 3827 336 3903 quam
362 3817 424 3876 tuo
452 3807 596 3878 nomine
622 3806 667 3878 ad
693 3808 809 3881 onmia
844 3807 989 3884 deorum
1024 3809 1154 3910 templa
1180 3808 1228 3880 se·

227 3927 356 4025 cimus,
380 3932 563 4003 renovatio
593 3932 726 4007 timoris
760 3962 921 4032 magnam
955 3936 1153 4011 molestiam
1178 3935 1226 4009 ai·
