2624 4830
262 426 334 529 ³7²
599 446 771 498 muron
794 449 890 498 xxiv.
1031 447 1064 496 n
1080 449 1116 496 v.
1130 450 1161 496 e
1176 458 1225 509 ⁷¹·

260 549 466 651 consularis,
489 575 564 625 rem
586 548 765 651 publicam
779 548 983 648 vindicasti,
997 550 1073 623 siue
1089 563 1249 624 constan·

258 679 307 753 tia
332 691 370 752 et
398 676 644 781 aequabilitate
673 676 809 750 nullum
839 701 915 751 esse
945 678 1088 777 putaris.
1119 676 1249 750 Fateor

258 805 353 879 enim
376 804 551 879 duriorem
575 829 651 878 csse
675 803 918 880 conditionem
941 815 1119 904 spectatae
1143 803 1249 876 virtu·

258 931 324 1032 tis,
347 957 453 1033 quam
476 931 685 1030 incognitae
709 929 897 1003 benefacta
912 953 980 1030 pro
996 927 1123 1003 debitis
1143 929 1248 1027 exigi-

257 1083 348 1133 mus.
363 1058 464 1152 Quae
480 1057 582 1132 aliter
596 1058 783 1157 eveniunt,
797 1070 838 1130 ut
854 1055 995 1156 decepti
1011 1053 1056 1131 ab
1072 1053 1145 1154 bis,
1167 1053 1248 1127 inle-

257 1197 315 1262 ato
331 1184 448 1264 animo
464 1182 761 1285 reprebendimus.
778 1183 903 1284 Itaque
918 1183 1075 1255 resistere
1090 1179 1248 1255 Antonio

257 1310 477 1408 Cioerouem,
502 1311 570 1383 etsi
586 1335 711 1409 magna
727 1307 832 1382 laude
856 1307 1001 1407 dignum
1025 1319 1094 1406 est3
1117 1319 1248 1404 umen,

257 1436 339 1537 quia
362 1433 420 1508 ille
443 1433 566 1508 consul
583 1435 679 1508 buno
696 1433 913 1508 consularem
931 1434 1056 1506 merito
1072 1444 1247 1532 praestare

256 1559 411 1660 videtur,
435 1585 540 1635 nemo
565 1560 764 1639 admiratur.
789 1560 890 1634 Idem
913 1561 1037 1634 Cicero
1062 1559 1091 1631 si
1113 1555 1248 1632 llexerit

256 1684 423 1762 adversus
448 1686 535 1761 alios
559 1686 728 1764 iudicium
753 1714 873 1787 suum,
897 1685 993 1795 quod
1017 1698 1115 1759 tanta
1141 1684 1247 1758 firmi-

255 1823 329 1886 tate
353 1839 395 1887 ao
417 1812 658 1912 magnitudine
683 1812 809 1887 direxit
834 1815 872 1886 iu
897 1810 1117 1887 exturbando
1136 1813 1248 1885 Anto-

206 1925 229 1978 „·
254 1938 331 2039 nio,
353 1964 425 2013 non
451 1939 558 2014 modo
582 1940 706 2042 reliqui
731 1941 899 2041 temporis
920 1938 1065 2037 gloriam
1082 1937 1248 2038 eripuerit

255 2063 335 2163 sibi,
357 2065 422 2140 sed
445 2067 550 2140 etiam
575 2069 761 2167 praeterita
786 2089 994 2140 evanescere
1015 2077 1126 2162 ooget
1151 2059 1248 2137 Nihil

255 2191 349 2263 enim
374 2216 498 2290 perse
522 2191 678 2292 amplum
702 2206 773 2291 est,
797 2194 864 2265 nisi
887 2193 925 2264 in
951 2215 1021 2292 quo
1045 2189 1169 2263 indicii
1192 2213 1247 2261 ra·

255 2314 306 2388 tio
331 2329 460 2414 exstat,
484 2319 565 2418 quia
589 2319 765 2391 neminem
791 2319 899 2416 magis
925 2315 1043 2414 decet,
1067 2340 1174 2416 quam
1197 2326 1247 2411 tc,

254 2463 328 2513 rem
353 2441 531 2541 publicam
551 2469 681 2544 amare,
705 2442 943 2545 libertatisque
959 2441 1177 2515 defensorem
1193 2465 1247 2512 es·

254 2588 309 2665 se,
333 2566 390 2639 vel
414 2570 572 2669 iugenio,
597 2569 654 2644 vel
678 2568 781 2645 rebus
807 2572 927 2669 gestis,
952 2569 1011 2649 vel
1036 2568 1170 2668 studio,
1194 2580 1246 2640 at·

254 2716 322 2791 que
346 2690 592 2793 efflagitatione
625 2700 790 2771 omnium.
825 2700 942 2790 Quare
973 2723 1046 2770 non
1078 2696 1245 2771 Octavius

253 2827 308 2892 est
331 2818 527 2918 rogandus,
551 2835 590 2894 ut
615 2823 701 2897 uelit
724 2850 789 2897 nos
814 2823 930 2898 salvos
954 2849 1045 2896 esse:
1074 2824 1182 2920 magis
1209 2834 1245 2894 tu

253 2953 290 3014 te
315 2947 502 3045 exsuscita,
526 2962 567 3021 nt
592 2975 670 3023 eam
697 2952 894 3051 civitatem,
924 2952 961 3023 in
996 2976 1064 3051 qua
1097 2949 1245 3021 maxima

255 3071 405 3170 gessisti,
432 3071 577 3148 liberam
610 3091 714 3179 atque
745 3077 930 3151 honestam
963 3076 1037 3149 lore
1069 3087 1193 3176 putes,
1215 3073 1245 3145 si

254 3195 361 3275 modo
385 3200 456 3273 sint
480 3203 615 3304 populo
648 3204 755 3279 duces
780 3204 826 3279 ad
851 3202 1082 3283 resistendum
1114 3203 1246 3300 impro-

252 3318 378 3405 borum
404 3329 566 3409 consiliis.

699 3584 819 3668 XXV·
997 3621 1117 3681 (triu.
1134 3620 1160 3681 ι,
1177 3619 1222 3675 s>

251 3756 470 3836 Argumentum.
482 3762 529 3821 De
541 3763 686 3823 exercitus
699 3764 730 3823 iu
746 3762 862 3824 ltaliam
876 3757 1043 3821 adducendi
1058 3757 1245 3830 necessitate;

290 3864 327 3927 de
348 3865 534 3929 solicitudine
554 3889 608 3930 sua
628 3871 659 3930 in
679 3868 835 3933 retinendo
856 3869 1000 3939 Octavio,
1022 3886 1080 3947 pro
1101 3885 1163 3946 quo
1177 3881 1245 3944 spo·

289 3972 437 4056 ponderat
454 3996 525 4059 pop.
539 3975 609 4054 Ro.;
630 3975 667 4039 de
689 3979 731 4039 rei
746 3979 937 4061 pecuniariae
951 3972 1147 4042 difficultate,
1166 3966 1248 4031 etde

175 4120 180 4132 ·
291 4079 397 4164 Lepidi
418 4081 495 4152 filiis.
