2624 4830
229 413 303 490 336
593 441 762 490 nersrona
789 444 842 492 xx.
1009 446 1040 495 Α.
1059 453 1092 498 v.
1111 451 1141 500 c.
1159 466 1206 515 ,ιο

227 540 436 614 cessitudine
462 543 611 641 privata,
636 546 823 643 impetrare
850 544 970 620 debeo.
997 550 1096 642 Quid
1112 554 1160 628 sis
1177 556 1225 630 fa·

226 679 362 768 esurus,
391 666 495 741 velim
527 667 613 740 mihi
647 673 904 772 quamprimum
937 676 1114 753 rescribas.
1140 681 1225 756 Kal.

224 794 347 886 Quint.
372 794 572 884 excastris.

554 1168 558 1177 ,
671 1075 774 1148 XXI·
962 1121 1016 1181 (aa
1031 1123 1093 1170 amr.
1110 1127 1139 1184 ι,
1157 1131 1200 1183 ω)

223 1255 442 1334 Argumentum.
468 1254 631 1331 Quomodo
651 1253 763 1313 bellum
791 1255 829 1314 ad
856 1257 1004 1317 Mutinam
1033 1270 1171 1340 geratur,
1191 1275 1223 1325 et

262 1359 334 1442 quid
355 1359 393 1420 de
414 1360 583 1421 Octaviano
606 1371 757 1433 vereatur,
778 1367 991 1462 totumquenrei
1007 1364 1092 1447 publ.
1108 1377 1220 1429 statum

259 1466 433 1548 perscribits
455 1465 668 1547 hortaturque,
689 1479 723 1528 ut
743 1488 779 1528 ex
794 1480 911 1530 senatus
926 1474 1103 1533 anctoritate
1116 1473 1224 1535 celeri·

258 1583 305 1633 ter
318 1593 386 1632 cum
402 1576 575 1633 exercituin
593 1573 707 1633 ltaliam
725 1577 840 1647 veniat,
860 1576 1075 1660 Cassiumque,
1091 1591 1125 1640 ut
1140 1580 1222 1642 idem

258 1678 361 1750 faciat,
383 1679 527 1740 hortetur.

308 1914 360 1965 scr.
380 1913 475 1966 nomae
491 1915 524 1966 a.
543 1913 576 1967 v.
593 1915 623 1967 c.
642 1914 747 1981 occa,
766 1916 1115 1986 montemmaranum.

535 2112 679 2180 CICERO
707 2115 839 2179 BRVTO
865 2115 895 2179 S.

263 2317 384 2392 Nullus
411 2319 526 2394 adhuc
552 2347 570 2392 a
597 2334 632 2393 te
665 2320 782 2394 literas
816 2319 1048 2395 habebamus:
1082 2348 1128 2395 ne
1163 2325 1214 2396 sa-

212 2469 306 2517 mam
332 2445 491 2546 quidem,
515 2472 604 2547 quae
631 2445 841 2546 declararet,
866 2462 918 2545 te,
945 2450 1082 2547 cognita
1110 2475 1212 2522 sena·
1255 2441 1256 2444 ¹

213 2585 268 2645 tus
299 2575 521 2670 auctoritate,
553 2575 590 2644 in
622 2572 757 2653 Itabam
792 2573 965 2646 adducere
999 2576 1214 2650 exercitum:

211 2698 308 2802 quod
332 2713 374 2770 ut
402 2700 547 2798 laceres,
573 2698 677 2800 idque
708 2714 916 2800 maturares,
950 2726 1077 2799 magno
1104 2727 1213 2802 opere
1264 2782 1266 2787 ,

210 2824 430 2898 desiderabat
454 2851 509 2898 res
536 2824 684 2925 publica.
711 2828 926 2925 Ingravescit
952 2828 1044 2898 enim
1070 2828 1106 2898 in
1134 2827 1209 2901 dies

208 2953 411 3026 intestinum
437 2952 585 3051 malum3
613 2980 677 3025 nec
714 2956 862 3026 externis
888 2952 1047 3026 hostibus
1075 2955 1211 3052 magis,

208 3106 313 3180 quam
346 3080 547 3153 domesticis
580 3078 799 3152 laboramus:
832 3081 888 3179 qui
925 3092 1025 3150 erant
1057 3079 1207 3151 omnino

207 3208 251 3281 ab
277 3209 377 3281 initio
402 3207 500 3307 betti,
526 3206 588 3279 sed
608 3205 741 3278 facilius
759 3205 1014 3302 frangebantur.
1039 3205 1205 3277 Erectior

205 3350 345 3409 senatus
371 3350 462 3433 erat⁷
495 3360 565 3405 non
599 3334 779 3404 sententiis
812 3331 925 3403 solum
957 3330 1103 3426 nostris,
1139 3331 1203 3402 sad

204 3464 308 3535 etiam
343 3460 642 3535 cohortationibus
675 3460 853 3530 excitatus.
886 3460 973 3529 Erat
1005 3457 1041 3527 in
1075 3470 1202 3528 senatu

202 3588 285 3660 satis
311 3575 498 3659 v'ehemens
531 3601 567 3658 et
599 3613 678 3675 acer
702 3588 830 3682 Pansa,
863 3610 969 3685 quum
994 3584 1032 3654 iu
1059 3596 1198 3656 ceteros

200 3712 301 3784 liuius
329 3715 478 3811 generis,
503 3727 578 3785 tum
603 3713 752 3786 maxime
770 3713 806 3783 in
824 3736 999 3784 socerum:
1026 3709 1082 3781 cui
1109 3734 1196 3780 cou-

200 3840 267 3913 suli
292 3867 362 3914 non
388 3843 520 3913 animus
539 3839 582 3912 ab
599 3841 716 3937 initio,
741 3865 813 3911 non
831 3837 917 3911 tides
935 3835 980 3907 ad
997 3849 1192 3907 extremum

202 3966 319 4042 deluit.
343 3968 476 4043 Bellum
502 3966 548 4040 ad
573 3966 744 4039 Mutinam
772 3965 971 4065 gerebatur,
995 3960 1081 4034 nihil
1100 3964 1194 4034 utin
