2624 4830
57 462 62 467 -
162 411 214 511 96
480 431 649 480 srrsrom
677 429 835 503 ccccxvi.
944 427 977 477 s.
993 429 1029 478 v.
1045 429 1076 480 o.
1094 441 1141 492 μ»

450 725 458 741 ,
559 656 781 735 DCCCXVI.
880 698 1140 761 (summurn)

56 831 58 836 ⁵
165 842 383 923 Argumentum
409 838 468 900 llos
489 859 509 898 a
527 858 560 899 se
586 848 683 919 gestes
707 838 845 919 exponit,
872 857 957 896 suem
985 820 1164 919 diguitelau

205 968 335 1030 suosque
354 946 445 1007 duces
465 955 497 1006 et
516 945 624 1006 milites
644 941 852 1005 commeudutt
880 943 912 1002 iu
930 936 1070 1004 Cilicism
1091 964 1172 1030 corr·¹

206 1065 252 1116 tra
270 1052 460 1141 Dolebellarp
480 1052 629 1135 prolicisci
650 1053 680 1110 in
701 1053 802 1112 animo
823 1072 887 1113 esse
907 1049 1067 1141 siguificat.

269 1288 323 1340 Sor.
340 1304 373 1340 ex
390 1285 523 1338 castricio
540 1283 598 1338 Asia
617 1286 647 1338 Δ.
667 1282 699 1336 V.
716 1282 747 1337 C.
766 1282 871 1351 DCCX‚
889 1285 957 1337 Nou.
975 1284 1059 1337 Maiis.

239 1483 398 1548 CASSIVS
422 1482 587 1549 PROCOS.
613 1482 643 1545 S.
667 1481 706 1545 l).
731 1482 775 1546 Μ.
802 1478 989 1548 CICERONI
1014 1483 1091 1548 SVO

214 1673 249 1746 Si
274 1670 385 1773 vales,
417 1671 507 1745 bene
536 1684 606 1744 est:
638 1695 705 1770 ego
737 1668 880 1771 quidem
905 1668 1007 1745 valeo
1027 1687 1050 1745 ¹.
1077 1673 1161 1773 Legi

165 1812 242 1873 tuas
266 1799 402 1898 literas,
436 1799 474 1870 in
507 1795 632 1899 quibus
666 1795 849 1870 mirificum
876 1809 974 1870 tuum
1001 1821 1090 1897 erga.
1109 1822 1164 1871 me

164 1951 319 2002 amorem
343 1924 543 2024 recognovi.
567 1920 758 1996 Videbaris
780 1922 874 1996 enim
890 1947 963 1998 non
980 1922 1097 1998 solum
1113 1922 1163 1997 la·

163 2077 246 2128 vere
276 2051 396 2152 nobis,
427 2051 464 2124 id
496 2049 595 2153 quod
624 2062 660 2122 et
685 2061 838 2123 nostra²
864 2063 901 2123 et
925 2050 976 2127 rei
1000 2049 1162 2152 publicae

146 2166 267 2253 'cause
299 2202 437 2279 semper
468 2177 601 2274 secisri3
632 2173 696 2249 sed
727 2175 834 2248 etiam
867 2201 1008 2275 gravem
1043 2202 1162 2250 curam

162 2305 373 2404 suscepisse,
394 2302 687 2411 vehementerque
704 2325 779 2374 esse
797 2299 842 2373 de
866 2299 970 2374 nobis
994 2300 1162 2376 solicitus.

161 2430 302 2531 Itaque,
326 2429 423 2530 quod
440 2442 475 2500 te
494 2430 644 2528 primum
662 2428 860 2503 existimare
878 2426 1064 2527 putabam,
1080 2453 1163 2525 nos,

162 2580 331 2656 oppressa
354 2553 566 2655 republica,
591 2555 768 2655 quiescere
785 2578 857 2628 nou
874 2579 1000 2654 posse,
1017 2550 1163 2653 deinde,

162 2707 272 2782 quum
287 2656 502 2781 suspicarere
527 2706 592 2753 nos
619 2680 733 2755 moliri
750 2681 778 2778 ³,
802 2680 899 2782 quod
926 2693 959 2754 te
975 2679 1160 2767 ¹solicitum

162 2832 238 2881 esse
263 2821 299 2880 et
324 2806 369 2881 de
393 2806 505 2880 salute
529 2820 665 2906 nostra,
685 2806 782 2879 etde
800 2833 914 2881 rerum
940 2821 1072 2882 eventu
1096 2833 1161 2908 pu-

163 2931 282 3007 tabam
298 2931 331 3006 l:
356 2932 458 3007 simul
483 2960 525 3006 ac
549 2932 704 3031 legiones
731 2935 868 3034 accepi,
893 2959 979 3035 quas
1000 2935 1043 3008 A.
1058 2932 1162 3010 Allie-

74 3052 81 3069 ’
160 3085 227 3132 nus
252 3059 420 3133 eduxerat
445 3086 487 3132 ex
512 3063 695 3161 Aegypto,
720 3061 843 3160 scripsi
870 3060 916 3133 ad
940 3075 994 3157 te,
1019 3059 1162 3134 tabella·

160 3186 299 3289 riosque
325 3187 523 3287 complures
549 3189 697 3261 Romam
722 3188 809 3260 misi.
836 3187 966 3287 Scripsi
992 3185 1161 3261 etiamad

160 3327 320 3387 senatum
352 3313 489 3413 literas,
521 3341 608 3415 quas
640 3312 741 3387 reddi
774 3314 868 3385 vetui
902 3312 1021 3415 prius,
1057 3338 1161 3416 quam

161 3437 226 3509 tibi
258 3440 423 3513 recitatae
461 3453 596 3514 essent:
631 3440 660 3512 si
693 3437 783 3512 sorte
816 3439 883 3510 mei
917 3439 1159 3539 obtemperare

162 3560 247 3635 milri
266 3564 442 3637 voluerint
458 3568 482 3636 ⁵.
509 3564 616 3657 Quod
642 3567 671 3637 si
696 3564 882 3650 [literae⁶]
909 3565 1065 3664 perlatae
1090 3590 1161 3638 uon

162 3700 257 3783 sunt,
273 3714 346 3763 nou
364 3690 505 3790 dubito,
523 3693 607 3793 quin
624 3689 823 3791 Dolabella,
841 3692 916 3791 qui,
932 3690 1063 3764 nelarie
1080 3691 1160 3765 Tro

161 3810 269 3886 honio
296 3816 412 3888 occiso
419 3872 430 3912 ,
450 3817 567 3890 Asiam
594 3819 782 3917 occupavit
796 3836 820 3915 ⁷,
838 3816 1039 3891 tabellarios
1059 3842 1159 3908 'meos

163 3937 451 4040 deprehenderit,
484 3942 668 4044 literasque
707 3945 939 4046 interceperit.
977 3945 1159 4019 Exercitus
