2624 4830
246 407 317 499 ⁴80
612 420 878 473 susurratores

219 550 223 555 ·
286 531 385 607 Quem
406 527 506 587 locum
526 522 657 585 laudarit
677 526 735 583 ianr
757 524 944 600 Quarterius.
964 517 1017 582 Ea
1031 520 1167 603 Africa,
1187 545 1256 608 epp.

283 633 520 709 ,Dcccxxxvl
541 643 571 692 et
591 629 775 707 DCCCLIV,
797 649 826 689 a.
848 627 957 689 Schuu
975 647 1018 689 ex
1038 628 1174 709 Africa,
1187 652 1258 691 nec·

285 765 338 817 ne,
357 755 446 802 etex
465 738 625 811 Sardinia,
648 736 661 761 *
679 736 692 761 *
708 738 721 761 “
739 751 768 797 et
786 738 908 797 Battum
929 747 1000 819 eta,
1023 735 1131 819 aliqua
1154 736 1260 798 deesse

287 853 457 934 suspicatus.
479 846 628 907 strothius
649 867 683 906 ex
704 848 936 905 coniecturam:
956 844 1083 927 Africa,
1105 867 1217 925 mene,
1229 860 1259 905 et

284 980 327 1021 ex
341 957 500 1035 Sardinia,
512 969 594 1015 etex
607 952 790 1016 Macedonia
811 954 951 1013 Brutum:
971 950 1044 1013 nihil
1066 972 1160 1033 opus.
1180 955 1257 1013 Tres

259 1116 262 1121 .
286 1065 394 1126 Anabb.
408 1078 435 1124 et
448 1066 571 1123 Battum
591 1083 632 1122 ea
653 1059 760 1133 Sard.‚·
782 1072 885 1121 eontra
898 1059 1069 1142 historiam,
1087 1063 1146 1120 uisi
1163 1064 1256 1120 maris

286 1185 408 1257 putare,
429 1171 478 1230 hic
497 1171 595 1251 aliqua
616 1168 733 1250 deesse,
754 1189 823 1228 cam
843 1167 988 1228 Schtttzio.
1009 1167 1174 1229 Emestius
1193 1171 1258 1253 pri·

286 1300 369 1340 urum
391 1299 428 1339 ex
448 1276 567 1337 duobus
585 1298 638 1336 nee
657 1299 694 1336 ne
715 1275 874 1336 delendam
895 1273 1035 1357 putabat:
1064 1277 1114 1335 cui
1138 1275 1257 1338 accedit

286 1384 374 1446 Amb.
393 1405 427 1445 ια
448 1383 548 1463 legens
567 1403 608 1444 ea
621 1383 800 1463 Africanae
820 1405 870 1455 ne,
890 1395 918 1442 et
937 1383 1014 1441 nani
1032 1392 1091 1443 ete.
1111 1382 1255 1445 Primum

286 1505 318 1554 et
337 1481 461 1552 alterurn
482 1504 510 1551 et
529 1490 608 1551 delet
628 1490 733 1549 Lamb.

245 1602 267 1677 4
286 1601 335 1661 Sic
356 1601 465 1660 Victor.
486 1597 639 1659 Gebhard.
661 1610 691 1658 et
711 1598 804 1658 Oreii.
832 1599 924 1658 secati
950 1595 1041 1659 fidem
1062 1598 1157 1660 codd.
1181 1612 1254 1663 vett.

250 1767 254 1775 ,
286 1712 325 1768 At
344 1707 449 1768 Lamb.
468 1720 500 1767 et
520 1727 599 1788 seqq.
623 1726 717 1786 usque
738 1705 777 1765 ad
804 1705 897 1767 Oreli.
917 1727 960 1767 an
980 1726 1056 1783 non,
1077 1705 1251 1770 decernant.

283 1814 338 1875 Est
358 1814 449 1875 altera
471 1817 562 1873 irania
582 1813 719 1883 acerbior
739 1815 846 1895 priore.
868 1813 941 1872 Mihi
955 1813 1024 1873 loco
1036 1814 1182 1896 stipendii
1197 1828 1257 1877 sta·

285 1926 338 1982 tim
359 1921 464 1999 dandi,
484 1922 606 1983 sedeant
627 1922 817 1983 decernentes
837 1922 967 2000 deutne,
987 1942 1026 1981 au
1046 1943 1120 1983 non.

245 2029 267 2091 5
286 2029 372 2092 amb.
393 2031 428 2091 15
442 2043 472 2091 et
483 2031 529 2092 ed.
544 2032 598 2091 tto.
611 2030 706 2112 finnt,
719 2031 801 2112 quod
816 2033 874 2090 iam
888 2030 1043 2091 Ernestius
1056 2033 1160 2092 sensit.
1174 2032 1255 2093 Adr-

275 2122 363 2200 'rums
379 2139 560 2220 periculam,
584 2142 767 2199 verissimum
792 2142 961 2220 augurium.
976 2134 1062 2198 'Nam
1084 2140 1253 2201 Novembri

283 2265 399 2326 mense,
425 2249 495 2306 inita
520 2250 594 2307 iuter
621 2247 783 2329 Lepidum,
804 2248 965 2307 Antonium
989 2260 1019 2306 et
1046 2246 1253 2309 Octavianum

285 2355 445 2429 societate,
472 2364 502 2414 et
528 2376 630 2416 ornnes
657 2367 688 2415 et
714 2358 812 2415 orrrnia
843 2356 967 2436 periere.
997 2354 1150 2437 Velleius,
1178 2357 1252 2418 Plu·

283 2460 419 2544 tarchus,
441 2464 605 2544 Appianas,
625 2464 684 2522 Dio
708 2461 792 2523 Cass.
813 2462 930 2523 Marad.

243 2563 264 2627 6
283 2567 369 2627 amb.
391 2568 409 2627 3
431 2568 535 2629 videto.

245 2691 262 2749 7
284 2672 331 2732 nd
351 2674 538 2753 Pollentiam,
560 2696 605 2757 ep.
626 2675 808 2736 DCCCXLI.

644 2888 844 2951 DCCCXLV.

247 3119 258 3160 r
282 3099 389 3161 ambb.
411 3113 503 3184 quatt.
526 3104 592 3166 Dei.

243 3209 368 3269 namt.
391 3232 407 3289 7
431 3222 460 3272 et
479 3212 538 3273 Zel.
566 3213 602 3272 B:
632 3213 735 3273 Solam
761 3215 889 3274 locutam
913 3227 1020 3297 pratas„
1046 3239 1076 3276 a.
1099 3241 1128 3278 c.
1155 3218 1188 3280 C.
1212 3224 1251 3282 At

281 3317 343 3377 Pst.
365 3330 429 3380 tert.
451 3320 562 3402 solunt,
582 3335 634 3381 aret
654 3343 721 3381 cam
747 3321 874 3382 Caesare
895 3324 1024 3383 locatum
1041 3328 1158 3405 partas?
1178 3329 1251 3389 Mox

281 3427 339 3485 ista
352 3425 478 3505 diarria,
493 3433 647 3506 nimirum,
667 3451 745 3512 quae
760 3442 793 3490 tu
807 3430 925 3510 scribis,
945 3443 1049 3491 contra
1064 3454 1114 3494 me
1129 3435 1251 3497 dixerit.

242 3530 350 3592 st'ibi
372 3538 479 3614 gratias
505 3556 562 3615 ago
589 3548 692 3597 tantas.
715 3536 782 3597 vid.
807 3537 846 3596 ad
868 3560 913 3619 ep.
935 3538 1019 3619 Vlil,
1041 3539 1070 3597 3.
1096 3541 1174 3602 Mox
1202 3543 1251 3603 ed.

283 3639 355 3699 lens.
376 3642 460 3723 qaod
481 3645 561 3700 istac.

242 3745 358 3818 riTres
378 3747 485 3807 Arubb.
512 3751 581 3809 Rec.
607 3763 637 3811 et
663 3751 723 3812 zet.
744 3753 768 3811 Β
790 3773 858 3811 curn
888 3752 992 3814 Lurub.
1019 3754 1160 3834 Segulius
1186 3763 1251 3825 ait.-

284 3863 313 3911 at
337 3875 358 3931 .7
386 3855 521 3936 Segulius
547 3873 694 3919 raenuros
720 3861 806 3942 qnen'
830 3860 921 3931 dirr't‚·
948 3882 981 3922 ex
1007 3878 1069 3943 qua
1101 3870 1253 3929 varietate

283 3959 407 4038 glossam
428 3968 566 4047 suspirari
588 3966 663 4027 licet.
