2624 4830
231 429 303 531 278
604 446 774 497 rrrsrota
801 450 849 496 rr.
1010 449 1041 496 a.
1059 450 1092 498 v.
1110 450 1142 498 c.
1159 461 1208 514 ²¹·

229 554 303 629 dita
329 579 384 628 res
416 566 509 651 erat,
533 565 570 624 et
596 550 815 651 pervulgata:
852 552 900 622 tui
927 553 1032 623 etiam
1060 551 1233 628 tabellarii

227 681 276 755 ad
292 679 421 754 multos
439 678 623 752 familiares
641 693 721 752 tuos
744 677 863 751 literas
889 677 1087 752 attulerant.
1113 682 1231 776 Quare

227 833 342 910 neque
367 805 618 907 supprimenda
645 831 699 878 res
724 819 814 903 erat,
839 806 1042 904 praesertim
1068 834 1177 909 quum
1194 809 1231 884 id

226 933 302 1008 fieri
327 958 399 1006 non
426 945 559 1033 posset,
589 956 704 1033 neque
729 928 758 1003 si
784 945 921 1031 posset,
945 957 1017 1005 nou
1045 932 1232 1034 divulgan-

227 1057 310 1132 dam
327 1060 463 1161 potios,
485 1085 590 1162 quam
608 1057 853 1132 occultandam
872 1072 1086 1159 putaremus.
1104 1060 1159 1133 De
1175 1062 1230 1135 Ci·

226 1210 355 1260 eerone
372 1211 470 1285 mco,
493 1186 576 1260 etsi
594 1198 730 1260 tantum
749 1199 803 1259 est
819 1184 854 1256 in
873 1209 936 1285 oo,
961 1198 1131 1286 quantum
1149 1188 1228 1260 scri·

225 1307 298 1409 his,
325 1324 462 1384 tantum
486 1310 641 1408 scilicet,
665 1324 837 1413 quantum
855 1308 987 1409 debeo,
1011 1310 1167 1409 gaudeo:
1192 1326 1228 1396 et

225 1436 273 1537 ei,
298 1437 397 1540 quod
421 1462 518 1512 amas
544 1464 642 1537 eum,
674 1463 717 1511 eo
742 1439 875 1511 maiora
909 1437 1009 1510 iacis:
1040 1436 1079 1509 id
1111 1439 1226 1537 ipsum

224 1560 475 1637 incredibiliter
499 1562 653 1661 gaudeo,
678 1591 696 1635 a
725 1577 759 1634 te
786 1589 865 1635 enm
893 1562 999 1660 diligi.

682 1943 761 2017 Vll·
966 1985 1022 2042 (aa
1036 1984 1100 2031 amr.
1117 1986 1153 2045 n,
1170 1987 1199 2046 7>

223 2116 442 2201 Atgunoentum.
461 2125 509 2185 De
530 2135 591 2185 tota
612 2126 822 2185 constitutione
836 2122 907 2184 belli
921 2120 995 2205 quid
1009 2125 1132 2195 sertin,
1154 2146 1223 2207 per-

262 2222 380 2300 mabit,
400 2241 431 2290 et
449 2230 577 2291 Brutum
598 2230 637 2291 ad
659 2233 803 2292 maiorem
832 2233 1037 2302 severitatem,
1066 2236 1224 2315 proposito

262 2332 305 2392 rei
326 2332 411 2416 publ.
432 2355 552 2395 summo
571 2337 721 2418 periculo,
740 2339 855 2397 excitet.

366 2564 419 2617 Ser.
440 2567 533 2618 Romae
552 2570 581 2619 Α.
602 2569 634 2620 V.
653 2569 681 2621 C,
701 2570 803 2635 DCCX,
824 2570 886 2622 Xlll
907 2572 967 2623 Kal.
984 2572 1074 2625 Maias.

543 2768 688 2830 ctctno
714 2768 845 2832 BRVTO
872 2773 900 2831 S.
970 2818 972 2823 .

268 2949 370 3045 Quae
405 2952 527 3029 literae
559 2971 621 3030 tuo
654 2959 796 3030 nomine
829 2961 994 3032 recitatae
1029 2963 1100 3034 siut
1133 2960 1220 3037 Idib.

218 3076 328 3179 April.
367 3081 403 3154 in
439 3097 587 3183 acuatu,
621 3082 817 3186 eodemque
858 3099 1016 3186 tempore
1049 3088 1220 3188 Antonii,

217 3204 325 3280 eredo
348 3205 397 3280 ad
423 3222 457 3282 te
482 3210 660 3313 scripsisse
684 3223 782 3284 tuos:
815 3233 964 3312 quorum
995 3238 1061 3312 ego
1084 3216 1220 3290 nemini

216 3331 384 3408 concedo.
422 3334 492 3410 Sed
520 3337 608 3411 nihil
640 3364 781 3413 necesse
814 3352 889 3412 erat
921 3339 1045 3414 cadem
1078 3367 1219 3418 omues:

199 3452 303 3541 ,illud
328 3485 487 3564 necesse,
517 3492 574 3540 me
600 3465 645 3539 ad
671 3481 705 3539 te
731 3464 898 3563 scribere,
931 3466 1018 3568 quid
1050 3470 1219 3544 sentirem

216 3592 290 3657 tota
317 3576 361 3658 de
386 3592 637 3667 constitutione
662 3574 765 3666 huius
791 3591 889 3692 belli,
921 3607 957 3665 et
982 3619 1053 3695 quo
1085 3595 1217 3670 iudicio

215 3731 344 3809 essem,
369 3740 507 3818 quaque
538 3720 718 3794 sententia.
751 3718 925 3793 Voluntas
964 3747 1042 3794 mea
1050 3777 1061 3820 ,
1090 3723 1217 3821 Brute,

215 3830 259 3908 de
285 3861 421 3914 summa
446 3869 484 3916 re
512 3843 654 3946 publica
685 3870 824 3946 semper
857 3845 979 3920 eadem
1011 3845 1091 3947 fuit,
1124 3876 1214 3950 quae

217 3973 292 4035 toa:
323 3966 413 4041 ratio
438 3969 648 4072 quibusdam
673 3973 710 4046 in
735 3970 838 4047 rebus
865 3980 956 4062 (non
983 3975 1075 4049 enim
1101 3977 1216 4051 omni·
