2624 4830
242 423 292 517 46
573 435 745 486 errarunt
770 439 879 488 necor.
1021 439 1053 490 t
1068 440 1102 491 v.
1118 444 1150 495 o.
1168 458 1215 505 μ.

242 573 314 646 rea,
337 558 374 617 et
397 540 527 615 multae
543 542 722 638 impensae
748 564 838 640 opus
863 538 1004 613 fuerunt
1020 558 1046 640 ⁹,
1071 557 1125 642 ut,
1150 571 1239 646 quae

243 673 292 748 rei
308 667 470 771 publicae
484 665 659 768 bonisque
675 663 839 740 omnibus
856 663 1120 768 pollicemur,
1143 671 1239 744 exito

242 810 495 899 paestaremus7
518 817 632 896 neque
657 790 703 865 ad
720 790 886 866 auxilium
902 793 1038 896 patriae
1052 793 1142 868 nudi
1158 823 1237 871 oum

240 925 335 999 bona
367 919 568 1020 voluntate,
600 916 663 993 sed
695 943 775 993 cum
805 916 1029 995 faculmtibna
1054 920 1238 997 secedere·

241 1076 328 1126 mus.
352 1043 622 1124 continuandus
650 1058 726 1124 erat
756 1046 927 1123 exercitus
958 1044 1080 1145 nobis,
1099 1048 1238 1147 'magnis

240 1202 345 1278 saepe
369 1174 531 1276 praemiis
560 1170 770 1271 solicitatus,
799 1185 840 1245 ut
864 1170 908 1244 ab
934 1198 971 1245 re
997 1171 1139 1273 publica
1172 1199 1238 1275 po-

239 1304 309 1375 tius
334 1300 532 1399 moderata,
556 1323 662 1402 quem
676 1296 733 1409 pb
758 1321 831 1372 uno
850 1313 879 1351 ¹·
904 1297 1047 1373 infinita
1071 1314 1236 1399 speraret

147 1474 149 1478 2
240 1424 509 1502 confirmandae
526 1423 725 1525 complures
745 1424 920 1522 civitates,
944 1448 1034 1526 quae
1059 1426 1238 1527 superiore

136 1543 140 1550 ’
239 1579 334 1628 anuo
352 1569 382 1607 ¹¹
405 1549 648 1652 largitionibus
678 1548 1032 1654 concessionibusque
1062 1555 1237 1652 praemio-

239 1707 317 1757 rum
343 1694 441 1757 erant
465 1677 653 1781 obligatae:
678 1689 720 1749 nt
743 1689 780 1749 et
802 1675 862 1751 illa
888 1704 977 1752 vana
1002 1690 1184 1785 putarent,
1200 1692 1236 1753 et

239 1807 362 1885 eadem
385 1834 409 1883 a
430 1804 636 1889 melioribus
662 1802 863 1883 auctoribus
889 1803 1041 1911 petenda
1067 1806 1238 1883 existima·

238 1949 326 2011 rent
349 1932 566 2011 Alliciendae
584 1947 615 1988 ¹²
639 1932 745 2007 auam
770 1928 970 2011 voluntates
998 1930 1240 2033 reliquorum,

239 2063 297 2164 qui
314 2062 471 2134 finitimis
486 2058 678 2162 provinciis
694 2055 971 2160 exercitibusque
995 2057 1236 2158 praebuerant:

238 2200 279 2260 ut
300 2188 418 2287 potius
436 2213 517 2260 cum
533 2184 691 2287 pluribus
706 2184 913 2258 societatem
938 2181 1183 2261 defendendae
1198 2183 1236 2256 li·

237 2312 586 2417 bertatisoiniremus,
611 2335 717 2415 mam
742 2336 823 2383 curn
848 2307 1074 2412 paucioribus
1087 2311 1119 2362 ¹⁸
1135 2309 1234 2384 lune·
1274 2402 1277 2405 ,

237 2452 328 2515 stam
345 2436 421 2512 orbi
436 2451 606 2515 terrarum
618 2436 801 2511 victoriam
814 2437 1032 2537 partiremur.
1050 2435 1235 2513 Muniendi

105 2632 108 2645 .
237 2589 321 2641 vero
338 2563 545 2666 nosmetipsi
558 2562 687 2640 fuimus
709 2576 813 2641 aucto
837 2564 1008 2672 exercitu,
1031 2552 1234 2671 auxiliisque

236 2689 477 2792 multiplicatis
490 2689 534 2764 ¹4:
551 2703 601 2790 ut,
612 2717 723 2793 quum
735 2689 989 2792 praeferremus
1001 2714 1126 2771 seusus
1139 2717 1235 2793 apes·

237 2830 291 2917 te,
317 2832 391 2892 mm
416 2818 539 2916 etiam,
562 2817 684 2894 invitis
700 2816 928 2920 quibusdam,
952 2818 1050 2918 seiri,
1070 2816 1236 2920 quidda·

236 2943 367 3018 sensuri
384 2969 551 3045 maanus,
567 2970 640 3019 non
655 2958 749 3019 esset
764 2944 1009 3045 periculosum.
1028 2944 1082 3019 Ita
1092 2946 1124 3004 ¹⁵
1136 2969 1233 3018 nam·

238 3096 343 3172 mam
361 3069 550 3172 diffitebor,
574 3071 684 3145 multa
708 3096 783 3170 me,
806 3084 847 3144 ut
863 3070 1088 3145 adeffeotum
1105 3069 1232 3145 luorum

236 3197 460 3275 consiliorum
483 3187 719 3304 pervenirem,
744 3211 781 3272 et
805 3196 984 3275 simulasse
1003 3200 1035 3248 ¹⁰
1059 3197 1232 3294 inritum,

236 3337 272 3398 et
296 3324 529 3403 dissimulasse
546 3351 626 3400 cum
649 3322 787 3398 dolore:
812 3322 911 3426 quod
933 3334 1159 3431 praematura
1175 3319 1233 3396 de·

233 3453 407 3529 nuntiatio
424 3451 509 3529 boni
526 3453 613 3529 ciris
631 3451 811 3553 imparati,
837 3476 943 3552 quam
966 3447 1166 3551 periculosa
1182 3471 1232 3523 es

233 3589 309 3675 set,
339 3602 496 3655 exessu
528 3577 682 3677 oollegae
704 3593 733 3645 ¹⁷
759 3575 934 3657 videbam
969 3576 1054 3674 Quo
1087 3575 1230 3655 nemim

232 3702 338 3776 etiam
361 3703 402 3776 C.
418 3703 550 3778 Furnio
575 3703 706 3804 legato,
732 3705 808 3779 vim
833 3705 915 3779 forti
936 3717 1047 3806 atque
1071 3716 1230 3800 strenuo,

231 3829 331 3930 plura
356 3830 461 3903 etiam
488 3829 596 3904 verbo
622 3856 727 3932 quam
753 3820 945 3932 seriptura{
974 3827 1144 3906 mandata
1169 3828 1229 3903 de·

233 3955 361 4032 dimus:
388 3969 427 4047 nt
450 3970 488 4031 et
513 3959 638 4033 tectius
654 3961 682 4011 ¹⁸
701 3958 745 4032 ad
766 3978 828 4034 vos
845 3956 1095 4059 perferrentur,
1110 3972 1148 4032 et
1165 3982 1227 4032 nos
