2624 4830
481 432 517 478 tu
542 426 725 479 EPISTOUS

514 738 701 803 Dccxclv.

104 980 114 1020 ι
140 954 287 1017 Dicebant
311 972 429 1033 omnes,
454 966 480 1014 te
506 973 570 1013 erse
597 952 628 1013 in
654 951 765 1033 Syria,
791 962 820 1012 te
847 949 960 1012 habere
988 952 1112 1035 copias,

139 1067 211 1146 quia
232 1061 404 1144 cupiebant,
428 1081 493 1120 rem
515 1063 555 1120 ita
577 1080 648 1121 esse.

102 1192 120 1229 a
143 1170 349 1232 Macedoniam
370 1166 432 1252 (ad
454 1188 499 1250 ep.
521 1167 720 1246 DCCXCll),
747 1167 912 1248 Illyricum,
933 1168 1107 1240 Graeciam,

143 1277 289 1358 legiones,
310 1279 472 1354 exercitus,
492 1279 660 1358 equitatum.
672 1277 702 1335 in
716 1273 887 1353 consulum,
901 1285 1035 1352 senatus,
1053 1294 1116 1357 po·-

145 1385 269 1468 polique
283 1386 370 1444 Rom.
384 1393 530 1467 potestate
544 1385 682 1465 retinuit,
695 1381 761 1462 lege
774 1381 850 1443 Phil.
864 1383 908 1464 X,
921 1384 942 1459 4
954 1402 1016 1464 sqq.
1034 1379 1115 1441 Cor·

141 1491 210 1552 md.
233 1491 302 1552 Mox
324 1490 370 1551 ed.
392 1487 667 1552 vicaria-,1558
688 1487 770 1572 apud
791 1488 939 1550 Orellium
960 1501 1021 1548 trun
1038 1506 1116 1568 gra—

145 1599 249 1668 tiores‚·
272 1599 395 1658 fortasse
416 1619 454 1659 ex
474 1600 653 1671 coniectura.

102 1705 120 1764 3
143 1705 231 1765 emb.
253 1704 274 1766 6
294 1707 354 1766 nisi
370 1705 446 1789 quid
458 1727 505 1765 me
520 1705 664 1785 fallebat,
685 1706 737 1786 qui
752 1725 821 1764 curn
835 1701 904 1765 edd
917 1725 962 1787 pr.
978 1713 1008 1764 et
1020 1703 1109 1763 Lam·

140 1812 212 1873 bino
233 1813 308 1873 infra
328 1813 420 1874 babet
440 1834 486 1873 res
506 1813 550 1873 sic
570 1835 602 1873 se
622 1813 650 1872 b.
673 1813 753 1873 Tum
775 1811 854 1872 idem
875 1811 981 1871 Lamb.
1003 1820 1033 1871 et
1052 1831 1112 1871 no·

142 1933 203 1981 ater
227 1941 261 1981 12
288 1936 320 1982 ut
343 1943 430 1982 omne
456 1921 544 1982 totim
569 1919 656 1993 belli,
684 1931 714 1980 et
739 1920 773 1980 13
799 1919 875 1980 infra
901 1919 932 1978 in
951 1918 993 1976 D.
1014 1920 1107 1980 Bmto

142 2052 205 2089 esse
223 2031 363 2112 posimm.

103 2136 367 2212 tcomctionem
390 2135 544 2219 Lambini,
570 2134 713 2210 Ernesti,
741 2131 906 2216 Benedicti,
927 2131 1056 2193 schnnii
1076 2142 1111 2193 et

144 2243 247 2303 Orellii
265 2245 402 2325 expressi.
425 2243 524 2304 Ceteri
537 2242 605 2302 libri
620 2241 696 2302 nillil
709 2241 779 2302 belli
791 2240 901 2324 reliqui
905 2263 918 2314 ‚-
939 2238 1107 2322 quomodo

143 2371 232 2410 nemo
253 2349 395 2432 loquitur.

101 2456 121 2516 .5
141 2456 249 2518 Ambb.
264 2461 398 2540 quinque
413 2469 442 2519 et
456 2457 524 2518 edd.
539 2478 582 2540 pr.
597 2471 806 2541 compararat‚·
821 2457 927 2517 Lamb.
949 2467 979 2518 et
998 2457 1122 2519 Graan,

142 2579 314 2645 comparat,
329 2550 514 2645 quodetiam
530 2564 658 2625 Orellins
673 2576 790 2643 tuetur,
805 2585 967 2647 exponens:
982 2564 1020 2625 Ι).
1034 2563 1109 2624 Bru·

144 2684 191 2731 tus
209 2671 419 2750 obsidebatur,
441 2672 555 2733 Hirtius
576 2684 640 2733 erat
660 2673 816 2734 Claternae
836 2684 916 2750 tum,
936 2692 1031 2755 quum
1051 2691 1110 2754 po·

142 2788 266 2839 stremas
286 2779 325 2838 ab
347 2782 381 2840 iis
401 2779 500 2840 literas
515 2783 697 2863 accepimus:
719 2803 798 2841 nunc
812 2780 860 2842 hic
875 2780 972 2841 Pansa
985 2800 1112 2861 magnas

140 2889 240 2968 copias
251 2897 412 2969 comparat
424 2886 578 2949 Emestius
589 2909 606 2948 e
618 2877 789 2950 coniectura
798 2890 1008 2971 comparabat·
1023 2886 1111 2970 quod

142 2993 280 3054 Sobtitzio
301 2993 447 3078 probavit

99 3100 120 3159 6
141 3101 282 3178 Quonam
297 3101 443 3163 beneficio
455 3103 661 3186 Transpadani
676 3124 707 3163 se
722 3106 751 3163 in
763 3102 927 3163 clientelam
938 3102 1029 3164 Cassii
1039 3124 1110 3165 coo·

142 3208 275 3292 tulerint,
299 3230 359 3270 non
380 3209 441 3271 vidi
461 3213 612 3293 seriptum.
661 3284 666 3291 ,
926 3278 928 3284 ,

103 3337 120 3394 7
144 3317 172 3374 T
174 3319 347 3399 urpissimos
374 3317 542 3378 consulares
564 3317 638 3378 dixit
658 3319 740 3399 epist.
762 3314 940 3398 nccxem
967 3315 1003 3376 cf.
1024 3317 1108 3397 epist.

140 3422 370 3506 Dchx11,n,
394 3445 441 3486 αα.
471 3426 545 3486 Mox
569 3424 674 3486 eadem
696 3424 759 3483 laus
779 3421 858 3483 firmi
883 3422 1010 3483 hominis
1039 3422 1109 3482 data

144 3542 188 3590 est
209 3531 328 3592 Caesari
350 3535 379 3592 in
400 3554 446 3616 ep.
466 3532 639 3593 DCCLXll.

103 3633 123 3695 8
144 3637 277 3718 intellige
299 3651 464 3723 senatores,
484 3641 536 3722 qni
550 3638 744 3700 'consulatum
765 3659 826 3701 non
847 3647 1005 3720 gesserant.

100 3764 121 3822 ῃ
145 3744 232 3819 Quae
252 3744 376 3807 ilumine
397 3747 554 3809 Rubicone
580 3758 611 3809 et
630 3748 733 3807 Macra
762 3743 1112 3826 terminabatur.fltaque

145 3849 367 3935 Transpadani,
388 3876 463 3937 quos
482 3855 583 3938 paullo
597 3876 687 3937 supra
700 3856 877 3938 nominarit,
898 3864 982 3913 extra
997 3849 1112 3912 ltaliam

149 3970 241 4018 erant.
