2624 4830
217 399 289 475 318
579 420 748 470 eersronn
774 421 846 468 xvr.
991 419 1020 467 Α.
1040 423 1071 468 v.
1090 424 1119 469 c.
1137 435 1186 486 μ.»

215 539 278 597 tua
295 527 389 595 istuc
405 520 507 621 refert
524 526 694 595 maxime.
722 522 979 623 Opprimemiui
1004 521 1110 612 (mihi
1135 552 1211 600 ere·

214 646 294 746 de),
317 649 442 745 Brute,
469 648 534 720 uisi
561 647 794 748 provideritis.
823 647 943 749 Neque
969 648 1062 720 enim
1095 676 1211 752 popu·

213 774 285 849 lum
309 799 448 874 semper
479 773 628 846 eundern
663 774 856 873 habebitis,
890 798 1002 875 neque
1032 791 1212 878 senatum,

212 925 327 1005 neque
351 900 461 974 senati
495 899 629 973 ducem.
662 900 761 975 Haec
793 924 836 974 ex
870 900 1012 974 oraculo
1037 903 1210 1003 Apollinis

215 1025 332 1129 Pythii
359 1026 451 1101 editu
478 1024 541 1098 tibi
572 1041 667 1127 puts.
700 1026 795 1102 Nihil
825 1039 944 1129 potest
976 1053 1052 1103 esse
1085 1032 1208 1105 verius.

216 1151 308 1227 XIV
332 1152 410 1228 Kai.
436 1153 556 1226 Maias.

663 1428 782 1503 XVII.
955 1472 1007 1530 (na
1022 1470 1083 1516 arur.
1101 1474 1126 1530 r,
1143 1475 1188 1533 ¹⁷)

215 1605 435 1688 Aminearum.
455 1607 502 1668 De
523 1608 677 1668 Ciceronis
691 1609 785 1669 nimio
807 1609 842 1691 in¹
858 1607 987 1669 Octavio
1001 1607 1137 1668 ornando
1152 1621 1213 1669 stu·

254 1714 306 1775 dio
328 1714 519 1776 veliementer
545 1716 761 1796 conqueritur,
787 1713 977 1796 eundemque
1005 1717 1137 1797 graviter
1164 1736 1212 1777 re-

255 1821 428 1904 prehendit,
447 1825 517 1904 qui,
538 1843 633 1903 quum
657 1823 777 1882 Antonii
798 1819 1033 1883 dominationem
1054 1842 1211 1904 oppresse-

256 1931 315 2001 rit,
335 1951 444 1989 uorem
468 1932 497 1989 iu
520 1929 648 1990 Octavio
669 1928 801 1990 stabiliat
821 1940 851 1988 rt
871 1927 1036 1988 confirmet.

328 2162 384 2221 Sor.
402 2179 433 2215 rx
451 2162 539 2214 castris
558 2164 586 2214 d.
607 2162 638 2214 V.
657 2161 687 2214 C.
706 2161 812 2227 Dccx,
832 2161 916 2212 medio
935 2177 1019 2212 meme
1038 2159 1094 2211 iun.

526 2359 677 2422 BRVTVS
702 2359 851 2423 ATtho
877 2359 907 2421 S.

267 2544 395 2620 Scribis
421 2545 522 2646 mihi,
546 2546 661 2618 mirari
687 2546 908 2644 Ciceronem,
936 2545 1031 2647 quod
1057 2547 1143 2619 nihii
1170 2552 1213 2622 si·

218 2675 378 2774 gnificem
403 2698 568 2773 umquam
594 2670 638 2744 de
663 2673 733 2744 suis
759 2673 853 2745 actis.
880 2674 1058 2765 Quoniam
1084 2672 1214 2775 efflagi-

198 2814 288 2898 tes,
312 2812 437 2872 coactu
464 2813 524 2870 tuo
550 2798 716 2898 scribam,
742 2825 831 2900 quae
856 2800 979 2873 sentio.
1008 2801 1136 2875 Omnia
1162 2803 1213 2874 ie·

218 2927 306 3001 cisse
330 2928 535 3000 Ciceronem
567 2926 702 3026 optimo
734 2926 868 3025 animo,
892 2927 982 3000 scio:
1009 2927 1093 3028 quid
1118 2931 1212 3000 euim

218 3052 305 3127 mihi
329 3052 540 3152 exploratius
566 3078 640 3126 esse
666 3066 798 3151 potest,
830 3079 935 3154 quam
960 3052 1050 3126 illius
1076 3055 1212 3127 animus

219 3180 255 3253 in
287 3205 362 3253 rem
395 3178 592 3280 publicam?
628 3177 697 3251 Sed
730 3177 901 3279 quaedam
941 3178 1023 3250 mihi
1056 3179 1215 3277 videtur7

219 3306 306 3409 quid
339 3304 474 3392 dicerni
505 3306 682 3405 imperite,
716 3306 768 3377 vir
800 3306 957 3378 omniurn
984 3305 1212 3405 prudentissi-

220 3457 314 3531 mus,
338 3459 383 3505 au
409 3431 593 3506 ambitiose
618 3431 755 3530 secisse,
775 3432 833 3531 qui
854 3430 1124 3504 valentissimum
1143 3436 1213 3505 Au·

221 3560 353 3632 tunium
380 3559 554 3657 suscipere
572 3584 637 3657 pro
655 3584 691 3629 re
709 3555 849 3656 publica
868 3583 940 3630 non
961 3556 1128 3631 dubitarit
1146 3560 1211 3629 ini-

220 3683 373 3757 micum?
409 3683 534 3755 Nescio
569 3682 654 3784 quid
687 3682 835 3755 scribam
871 3683 954 3781 tibi,
989 3686 1052 3755 nisi
1087 3708 1211 3754 unum:

220 3810 318 3908 pueri
344 3824 380 3880 ct
404 3807 629 3908 cupiditatem
656 3823 691 3881 et
717 3807 891 3881 licentiam
925 3811 1041 3910 potius
1067 3836 1139 3882 esse
1168 3812 1211 3881 ir-

220 3934 375 4033 simunt,
401 3962 504 4036 (luam
531 3960 723 4036 repressum
750 3963 768 4007 u
795 3936 979 4009 Cicerone:
1006 3950 1210 4036 tantumque
