2624 4830
245 383 316 482 472
618 401 875 453 tnuorsrioues

244 531 261 588 7
283 507 371 590 Apud
393 509 521 591 privatos
542 505 687 590 intelligo,
708 528 769 566 non
790 511 820 567 in
840 504 965 589 templis
985 504 1061 565 Num
1083 527 1174 567 secus
1188 529 1258 567 eam

285 619 473 698 corripuisset
498 614 670 697 Dolabella3
698 615 780 696 quod
807 615 882 674 infra
913 625 1000 697 patet.
1028 615 1254 688 InfunqLarnb.

284 724 359 807 quid
385 737 546 806 correptum
553 747 565 795 ;
593 722 678 783 Ainb.
699 722 721 783 6
740 737 769 784 et
787 722 938 807 quidquid
955 743 1029 784 corr.
1050 723 1161 784 Paullo
1184 737 1254 807 post

285 831 367 892 idem
388 830 491 892 Lamb.
513 852 730 911 cognoscerem,
752 844 779 892 et
799 832 1019 914 qriampn'mrmz
1039 853 1099 890 vos.

245 937 265 1000 8
286 939 379 1022 Ipsius
398 938 533 1017 Lentuli,
553 950 621 1021 post
641 938 756 1000 obitum
778 937 930 998 Trebonii.
951 939 1067 999 Manat.

248 1047 380 1129 9Puta,
400 1045 538 1129 Rhodiis,
566 1051 617 1128 qui
644 1046 744 1128 paullo
770 1067 860 1128 supra
880 1045 1016 1106 Illiodnm
1045 1049 1251 1109 nominantur.

286 1153 366 1215 Male
385 1153 435 1214 hie
455 1152 572 1214 Coruus
596 1163 778 1217 ἀνακὸλουθον
796 1152 876 1214 vidit
897 1155 936 1213 At
955 1150 1030 1212 infra
1050 1174 1107 1235 pro
1126 1175 1148 1214 a
1168 1157 1253 1215 ltno-

286 1263 346 1324 diis
366 1262 453 1341 urbe,
474 1265 581 1322 rectius
595 1261 714 1321 dixisset
726 1261 764 1320 ab
779 1261 839 1320 illis
857 1259 935 1320 urbe.
956 1261 1028 1321 Mox
1042 1260 1159 1322 addidit
1172 1284 1250 1322 coss.

285 1370 401 1432 Ernest
423 1390 460 1429 ex
480 1369 526 1428 ed.
544 1370 649 1451 Rom.;
669 1390 738 1428 nam
753 1369 799 1429 M.
812 1368 975 1450 Mamello,
994 1369 1095 1429 Servio
1112 1370 1250 1450 &issicio

292 1478 461 1559 simpliciter
472 1497 531 1536 non
546 1475 668 1558 dicitur,
688 1475 878 1556 habebatque
892 1479 949 1535 iam
961 1475 1067 1535 Lamb.
1088 1478 1126 1536 ln
1138 1478 1249 1538 nmbb.

285 1584 397 1662 tribus,
416 1584 476 1644 Zel.
498 1584 522 1642 B
543 1593 573 1642 et
592 1585 661 1642 nec.
683 1603 705 1643 a
725 1584 770 1643 M.
791 1583 874 1644 Man
895 1597 923 1644 et
941 1584 1002 1644 Ser.
1023 1583 1087 1642 Sul.

249 1713 284 1752 ιο
305 1691 394 1751 Portu
413 1727 454 1739 -
473 1692 603 1752 statione.
624 1690 783 1751 Differam.
804 1692 880 1750 Nam
900 1703 1003 1772 portus
1026 1694 1135 1775 tutior,
1156 1714 1250 1775 quam

284 1803 378 1859 statio.
405 1799 521 1859 Manui.
550 1799 630 1858 Tum
658 1817 758 1880 apina,
786 1797 844 1857 scil.
877 1797 972 1877 dulci,
998 1818 1051 1857 seu
1078 1803 1250 1881 aquatione.

282 1906 425 1967 Min-litt.

249 2034 279 2075 11
304 2013 458 2074 Ernestius
483 2025 513 2074 et
539 2012 647 2073 Schtita
674 2011 844 2072 ediderunt:
874 2013 1162 2095 deminutionemque
1188 2036 1252 2075 non

282 2123 379 2181 sonim
400 2123 471 2180 iistis
491 2122 599 2193 nostn',
623 2119 785 2180 sedetiam
805 2121 968 2180 maiestatis
994 2122 1170 2203 imperiique
1192 2145 1249 2204 ρο,

281 2229 336 2288 tto.
358 2231 451 2288 secuti
472 2231 684 2288 correctionem
704 2229 765 2288 Nic.
788 2227 932 2310 Rubenii,
953 2231 1003 2309 qui
1023 2250 1128 2289 vocem
1150 2233 1249 2292 maie·

282 2338 365 2395 statis
387 2355 404 2394 e
424 2356 479 2395 suo
500 2336 566 2395 loco
587 2334 775 2395 deturbatum
799 2339 969 2396 concinnius
990 2336 1162 2417 collocavit,
1190 2361 1249 2400 nec

279 2441 388 2525 populi
400 2441 649 2523 deminutionem,
661 2442 712 2504 sed
725 2444 888 2505 maiestatis
903 2455 933 2505 et
946 2445 1065 2524 irnperii
1075 2443 1143 2508 fieri
1159 2468 1247 2530 posse

282 2550 429 2611 iudicavit.

247 2677 280 2717 ια
302 2658 407 2716 Lamb.
425 2673 564 2741 paratum
584 2682 656 2720 esse.

246 2766 280 2825 13
302 2765 368 2824 Hoc
389 2768 522 2846 reposuit
533 2767 645 2826 Victor.
668 2786 700 2826 en
721 2771 822 2847 priscis
842 2770 1073 2852 exemplaribus,
1096 2771 1244 2852 probante

280 2870 429 2949 Manutio,
450 2876 497 2931 cui
520 2877 664 2933 consentit
685 2875 749 2934 cod.
772 2877 859 2937 Amb.
886 2879 934 2937 13:
963 2880 1050 2937 ceteri
1077 2881 1242 2961 antiphora-

280 3000 362 3050 rum;
382 3001 418 3039 ex
440 2983 709 3066 interpretatione,
719 2995 753 3042 ut
781 2984 887 3060 dulim,
905 2985 1045 3065 jannem,
1072 2985 1179 3058 derint,
1200 2990 1242 3045 vi·

280 3085 346 3145 nim
368 3099 543 3166 occurrunt,
565 3109 619 3170 pro
640 3088 783 3171 duorum,
798 3091 967 3172 fabromm,
988 3091 1109 3152 deorum
1133 3105 1189 3154 etc.

245 3191 280 3269 14
300 3193 413 3254 Omnes
434 3197 540 3277 nostri,
561 3206 591 3256 et
611 3195 737 3256 aliorum
759 3197 869 3278 aliquot
895 3199 1070 3258 contumelia
1085 3232 1125 3244 -
1138 3215 1240 3260 vestra.

279 3302 352 3362 Mox
372 3301 417 3363 ad
435 3304 553 3363 illonim
575 3305 766 3376 uoluntatem,
789 3306 910 3385 quando
930 3306 969 3364 illi
992 3305 1162 3366 voluerunt.

243 3408 279 3471 15
299 3410 390 3471 Abest
415 3433 501 3472 naves
528 3410 566 3469 ab
591 3411 678 3470 llrnb.
704 3411 754 3492 15,
779 3424 807 3471 et
833 3425 928 3494 potest
956 3413 1074 3493 abesse,
1102 3414 1187 3495 quod
1211 3427 1241 3475 et

277 3519 377 3599 paullo
399 3539 488 3599 snpra
510 3520 566 3576 iarn
590 3518 706 3578 dixerat
727 3521 756 3578 in
778 3541 865 3578 naves
886 3520 1093 3602 conterendae,
1108 3534 1138 3581 et
1154 3521 1243 3582 abso·

277 3623 339 3683 lute
361 3625 467 3683 dicitur
487 3625 679 3685 conscendere
701 3629 729 3683 in
751 3648 796 3708 ep.
819 3627 1013 3708 ct‘txxxt,
1026 3629 1052 3690 .3
1075 3628 1208 3710 aliisque.

243 3725 277 3787 16
298 3729 346 3788 Sic
367 3729 450 3788 multi
473 3729 559 3789 codd.
586 3743 615 3790 et
641 3733 744 3814 vulgo:
774 3735 855 3815 quod
882 3747 911 3794 et
939 3735 1105 3794 Geliliardo
1134 3756 1237 3795 verum

278 3835 445 3914 videbatur,
459 3840 529 3918 quia
542 3859 600 3918 seq.
623 3861 669 3920 ep.
690 3838 708 3922 Ξ
730 3861 746 3899 2
769 3842 874 3900 eadem
896 3842 985 3901 dictio
1008 3847 1147 3901 occurrit.
1170 3844 1239 3900 Duo

279 3942 386 4002 trunti.
410 3955 438 4003 et
460 3945 505 4005 ed.
529 3946 582 4004 llo.
602 3959 683 4005 tari‘n
701 3951 860 4028 pravitate,
882 3949 1026 4030 probante
1044 3948 1165 4008 Lamb..
1188 3951 1237 4027 qni
