2624 4830
207 419 280 496 268
582 436 753 493 errorou
780 439 818 487 ιι.
983 435 1014 487 ι
1030 439 1066 487 v.
1082 438 1113 486 c.
1129 452 1180 504 ,ιο

203 542 394 646 Philippici
418 554 605 640 vocentur,
630 540 729 644 quod
754 553 791 613 tu
817 537 971 642 quodem
986 539 1137 640 epistola
1154 543 1205 616 io·

203 695 288 745 cans
311 667 489 770 scripsisti.
513 667 660 742 Duabus
685 665 790 742 rebus
806 691 964 766 egemus,
981 667 1125 768 Cicero,
1144 695 1205 770 pe·

203 795 305 870 eunio
330 808 368 868 et
390 792 656 895 supplemento:
687 820 834 896 quarum
860 792 969 869 altera
995 807 1116 895 potest
1140 795 1203 870 abs

200 934 238 996 te
267 920 441 1023 expediri,
471 934 513 994 ut
545 919 662 1022 aliqua
695 946 777 1021 pars
800 918 953 994 militum
985 921 1089 994 istinc
1121 922 1203 995 mit·

197 1060 297 1122 tutor
308 1045 426 1148 nobie,
451 1045 507 1121 rel
522 1060 660 1121 secreto
677 1045 826 1121 consilio
842 1046 1013 1121 adversor
1031 1048 1203 1147 Pansam,

195 1172 416 1248 relectione
440 1173 478 1246 in
502 1184 643 1247 renato:
668 1171 796 1272 altero,
821 1198 911 1276 quae
937 1173 1050 1273 magio
1066 1186 1121 1247 est
1137 1198 1201 1246 ne·

196 1300 361 1398 certaria,
385 1324 499 1403 neque
524 1324 605 1374 meo
633 1301 801 1374 exercitui
835 1300 965 1401 magio,
990 1325 1097 1403 quom
1120 1297 1201 1374 reli-

196 1450 354 1531 quomm.
378 1426 459 1500 Hoc
483 1427 594 1525 magii
620 1424 741 1526 doleo,
756 1424 956 1501 Aoiam⁸*‘
972 1427 1066 1501 etin
1082 1426 1200 1500 Asiam

196 1576 324 1627 censeo
348 1551 638 1655 persequendum.
662 1551 760 1629 Nihil
774 1552 861 1629 mihi
878 1554 1007 1633 viderie
1024 1551 1094 1628 hoc
1112 1566 1196 1628 tem·

196 1700 284 1781 pore
308 1677 432 1754 melius
456 1693 606 1757 acturue

667 2003 731 2077 III.
943 2044 998 2104 (ιιι
1013 2046 1076 2093 rm.
1090 2047 1126 2106 rr,
1142 2046 1173 2100 ι)

191 2177 413 2259 Argumentum.
432 2177 481 2241 De
499 2178 678 2243 Dolabellae
691 2180 884 2257 crudelitate,
899 2185 1016 2246 Antistii
1034 2183 1195 2246 liberalite·

230 2292 275 2354 te,
293 2294 324 2345 et
345 2283 498 2347 Ciceronis
519 2286 573 2348 lilii
596 2287 745 2365 laudibrrr.

352 2515 407 2568 Ser.
426 2516 588 2587 Dyrrhachio
606 2522 637 2575 A.
656 2522 689 2575 V.
707 2525 735 2576 C.
754 2523 864 2594 DCCX,
883 2526 942 2580 rar.
963 2526 1024 2597 lpr.

477 2716 630 2786 BRVTVS
656 2722 845 2790 CICERONI
869 2726 900 2790 S.

443 2906 535 2968 Deest
565 2910 748 2993 principium
780 2912 933 2995 epistolae.

235 3061 278 3092 ⁴*
295 3062 308 3091 '⁹
325 3065 388 3140 sed
413 3095 485 3170 quo
509 3096 575 3145 nos
605 3074 776 3147 amisisse:
810 3099 915 3176 quem
943 3076 993 3148 sic
1023 3076 1140 3149 rexeri
1166 3103 1186 3150 a

184 3188 366 3267 Dolabella
391 3195 514 3297 audio,
543 3199 680 3274 utiam
703 3225 777 3274 non
803 3201 965 3275 videatur
991 3201 1188 3276 crudelissi-

183 3319 377 3399 municius
403 3321 537 3399 lacinus
562 3325 758 3401 interfectio
783 3327 961 3402 Trebonii.
982 3329 1096 3404 Vetus
1114 3330 1186 3404 Ao·

183 3443 296 3519 tietiue
320 3473 378 3520 me
400 3462 518 3523 temen
535 3454 684 3553 pecunie
702 3453 908 3529 sublevavit.
935 3456 1074 3554 Cicero,
1093 3454 1185 3529 filius

183 3582 281 3668 tour,
304 3573 354 3645 sic
377 3574 465 3648 mihi
489 3603 527 3650 se
551 3579 681 3679 probet
703 3580 895 3682 industrio,
920 3582 1107 3683 patientia,
1130 3582 1183 3656 la·

180 3692 284 3795 bore,
317 3699 423 3772 enimi
456 3704 715 3808 magnitudine,
746 3710 844 3782 omni
869 3709 1020 3812 denique
1045 3708 1186 3804 officio,

182 3833 223 3894 ot
237 3846 381 3923 prorsus
397 3850 589 3930 numquam
607 3831 783 3909 dimittere
811 3835 971 3910 videatur
995 3835 1183 3935 cogitatio·

181 3970 280 4048 nem,
304 3950 402 4026 cuius
419 3953 465 4026 sit
481 3954 580 4030 filius.
607 3959 743 4060 Quare,
769 3965 936 4064 quoniam
953 3964 1090 4040 efficere
1106 3989 1182 4039 non
