2624 4830
469 425 503 472 us
529 421 710 472 ertsrorns
1014 405 1086 507 473

131 539 230 588 tamen
252 525 342 586 edidit
362 537 443 586 tauta
469 547 532 586 esse
553 529 705 608 pravitate.
733 526 824 587 Ment.
853 539 883 589 et
908 534 998 590 nostri
1025 530 1087 591 duo

131 651 213 695 tanta
234 633 456 717 importunitate.
479 633 554 692 lllox
573 632 724 715 firmiores
746 649 897 719 putarent,
922 659 1014 720 qrtnm
1033 638 1088 700 bo·

129 767 200 815 uns,
222 741 280 801 scil.
296 752 330 801 ut
343 760 446 801 omnes
466 739 574 800 Rhodii
594 752 747 823 putarent,
767 744 835 825 plus
854 747 961 805 virium
982 757 1012 805 et
1032 766 1089 805 au·

133 852 233 910 daciae
255 870 317 910 esse
336 852 368 908 in
388 849 490 931 nobis,
509 866 600 930 qnam
621 852 736 911 virtutis
757 864 786 912 et
799 851 896 912 bonne
911 851 980 913 fidei
994 853 1088 935 adeo,

131 971 165 1017 nt
185 958 261 1018 hanc
282 957 470 1018 concordiam
492 968 545 1016 etc.
567 978 626 1017 non
649 924 867 1020 crederendex
891 964 1088 1042 propensione

131 1069 219 1126 animi
242 1086 304 1127 esse
326 1065 441 1125 iactam.

96 1192 129 1255 17
153 1175 312 1253 Senatorii,
327 1179 470 1256 equestris
483 1184 512 1233 et
526 1172 642 1256 plebeii.
659 1176 833 1235 Patientiam
848 1190 966 1237 serratus
977 1211 1017 1222 —-
1026 1198 1089 1237 mn·
1126 1250 1131 1261 Ι

132 1303 212 1365 nem,
238 1281 437 1361 confiderent,
464 1293 675 1350 senatores-
694 1282 866 1344 Dolabellae
890 1286 1026 1367 iniurias,
1044 1287 1088 1344 uti

133 1403 219 1451 autea
240 1392 367 1472 perpessi
389 1401 488 1473 erant,
509 1393 549 1449 ita
569 1409 648 1450 nunc
669 1390 885 1451 dissimulanter
905 1396 1028 1474 perpeti.

98 1497 132 1558 18
154 1499 194 1559 Vt
215 1498 342 1580 denique
363 1501 475 1576 omuia,
496 1518 573 1578 quae
595 1501 645 1580 ipsi
667 1497 777 1558 Rhodii
796 1499 924 1581 improbi
937 1498 1090 1580 fingebant

131 1607 293 1687 (nimirum
314 1605 425 1666 nullam
447 1625 509 1666 esse
529 1605 719 1666 concordiam
744 1605 883 1666 ordinum
905 1610 934 1665 in
956 1606 1090 1668 libertate

132 1713 261 1793 tuenda,
282 1724 399 1773 senatus
420 1716 566 1773 remissius
581 1717 669 1773 etiam
684 1734 762 1773 nunc
777 1735 880 1794 agere,
901 1734 948 1774 me
963 1718 1090 1796 privatas

130 1824 269 1904 persequi
286 1823 404 1880 iniurias
419 1825 507 1900 etc),
528 1824 644 1881 veriora
657 1821 825 1906 crederent,
847 1843 937 1903 quam
951 1844 999 1905 ea,
1013 1843 1090 1904 quae

132 1933 208 2011 ipsos
231 1928 425 2001 docebamus,
446 1931 585 1988 nimirum
605 1927 793 1989 Dolabellam
812 1929 927 1990 hostem
949 1952 967 1991 a
987 1940 1091 1990 senatu

133 2038 293 2097 iudicatum
315 2058 386 2097 esse.
408 2036 489 2095 Libri
511 2035 624 2116 aliquot
644 2034 832 2107 diminutum·
854 2035 940 2096 male.

99 2164 134 2226 ¹9
155 2143 264 2203 Sensus
284 2155 340 2204 est:
363 2143 432 2222 His,
454 2163 530 2224 qnae
552 2142 590 2200 ab
611 2141 735 2201 Rhodiis
749 2144 849 2224 inique
861 2142 942 2203 facta
951 2142 1091 2221 diximus,

132 2254 185 2334 ipsi
206 2272 303 2333 neque
323 2262 442 2333 nostro,
462 2271 559 2330 neque
581 2251 623 2308 rei
644 2247 727 2330 publ.
748 2249 883 2331 periculo
904 2249 1016 2310 mederi
1037 2269 1092 2309 ro·
1184 2304 1189 2318 ,

132 2357 268 2441 luerunt,
288 2359 317 2417 h.
339 2380 364 2417 e.
387 2357 499 2417 mederi
520 2339 696 2427 noluerunt,
724 2361 783 2417 sive
804 2360 925 2438 timore,
951 2379 989 2418 ne
1013 2359 1091 2440 agri,

131 2486 207 2548 quos
221 2469 250 2524 in
266 2469 424 2526 continenti
439 2464 603 2545 habebant,
618 2485 635 2522 a
649 2465 804 2525 Dolabella
818 2476 1018 2543 vastarentur,
1032 2468 1091 2527 sive

132 2575 250 2651 lurore,
271 2578 332 2633 sire
347 2577 549 2657 praepotentia
564 2593 743 2655 paucorum,
762 2576 811 2653 qui
827 2575 905 2633 viros
919 2574 1092 2634 clarissimos

131 2695 246 2765 patrem
268 2705 368 2742 meum
385 2683 416 2741 P.
433 2682 607 2762 Lentulum,
629 2683 805 2765 Pompeium
827 2692 857 2742 et
877 2683 911 2740 L.
933 2682 1092 2744 Lentrdum

132 2792 196 2872 (ep.
219 2811 277 2870 seq.
300 2800 336 2855 at
359 2789 537 2849 contumelia
552 2788 724 2869 affecerant,
740 2800 769 2849 et
783 2809 862 2848 nnnc
877 2788 954 2870 illos,
968 2792 1018 2870 qui
1033 2808 1094 2848 ma·

132 2900 224 2956 ximos
239 2909 346 2977 gerunt
361 2901 547 2977 magistratus
561 2898 613 2978 (ut
627 2897 818 2979 proconsules
831 2870 1015 2976 Romanos),
1029 2893 1094 2956 affi-

134 3008 223 3064 ciunt.
246 3005 391 3064 Periodus
406 3026 422 3063 a
436 3006 535 3065 multis
549 3017 579 3064 et
592 3005 752 3065 multifarie
767 3005 926 3064 sollicitata.
944 3003 1094 3064 Corradus

132 3111 320 3193 praeferebat
341 3112 404 3172 Nec
425 3115 483 3173 sive
504 3116 608 3172 timore
629 3146 668 3157 --
687 3114 852 3181 volturnum
874 3112 983 3172 Schtitz
1004 3110 1096 3172 edidit

135 3217 218 3278 Hinc
232 3220 289 3280 sive
304 3223 407 3280 timore
423 3255 462 3266 -
474 3221 631 3280 voluerunt.
652 3220 712 3279 Sed
726 3223 821 3303 isaer,
842 3230 876 3277 ut
896 3221 1012 3278 monuit
1025 3217 1097 3277 Cor·

134 3328 192 3386 tius
207 3337 235 3386 et
250 3327 322 3415 pidit
342 3327 492 3407 Sanctius,
513 3328 646 3388 lllinerva
668 3326 723 3403 lll,
745 3326 778 3405 3,
799 3323 945 3408 pendete
966 3324 1094 3393 urederi,·

133 3434 254 3495 Terent.
270 3435 360 3496 Phor.
372 3435 410 3509 V,
424 3435 459 3515 4,
474 3435 492 3494 3
507 3456 601 3516 quas,
615 3454 707 3515 qrrrrm
721 3454 767 3492 res
780 3432 923 3492 adversae
937 3433 1024 3512 sieut,
1037 3451 1096 3491 me·

132 3539 198 3601 deri
209 3545 325 3624 possi-ss
348 3555 377 3603 et
400 3542 448 3601 illa
469 3557 565 3601 nostro
588 3541 750 3600 imminenti
766 3540 898 3623 periculo
921 3549 1002 3598 sexto
1024 3558 1095 3598 casu

133 3647 214 3707 dicta
228 3653 354 3734 accipio,
376 3662 410 3710 ut
424 3655 453 3710 in
467 3671 512 3732 ep,
528 3649 726 3709 CDXXXlX:
752 3647 844 3730 Vide,
864 3649 972 3706 satisne
986 3658 1095 3706 rectum

133 3759 186 3836 sit,
208 3779 276 3833 nos,
297 3760 353 3817 lior
373 3772 453 3818 tanto
475 3757 609 3817 inccndio
630 3758 773 3830 civitatis,
796 3759 825 3816 ia
846 3756 909 3814 istis
930 3754 1003 3814 loeis
1022 3774 1093 3813 csse.

135 3866 216 3924 'lum
239 3865 327 3925 codd.
348 3867 433 3926 multi
455 3870 515 3926 sire
536 3864 644 3926 dirrbb.
661 3869 719 3926 sive
733 3863 817 3925 alior.
832 3863 890 3922 sive
904 3865 1095 3922 timoren-

134 3973 194 4030 rme
231 3995 308 4032 uror.
337 3974 409 4033 Mox
437 3975 605 4056 impotentia
633 3973 715 4053 dedit
736 3973 828 4033 Orell.
852 3994 889 4031 ex
910 3970 955 4031 ed,
979 3970 1097 4029 ascens,
