2624 4830
263 425 335 518 ²⁰4
572 448 743 497 westou
767 449 933 496 uoecxut
1034 450 1227 514 neq»

650 672 887 750 DCGCXLV·
988 717 1044 775 <n
1058 717 1228 778 nemu)

266 855 486 934 Argamum
506 851 677 935 Respondet
697 852 887 934 praecede-ri
907 855 1023 912 Deci-i
1044 854 1131 914 Bruti
1146 858 1249 936 episto

304 958 353 1020 ικ
371 959 674 1037 (nocemur).

399 1178 1121 1251 neumencnccxfflewuen

325 1373 368 1436 Μ.
391 1372 536 1436 eleeto
560 1372 591 1433 S,
614 1371 651 1433 D.
675 1371 713 1433 D.
737 1372 868 1434 BRVTO
892 1373 974 1434 [ΗΡ.
996 1372 1084 1435 (208.
1104 1372 1191 1434 ΗΕΒ.

311 1558 399 1633 Dii¹
426 1559 484 1631 isti
515 1554 653 1656 Segulio
685 1555 922 1654 maleficiam,
950 1555 1085 1631 homiui
1115 1562 1249 1660 nequis-

261 1687 352 1760 eimo
376 1686 552 1783 omnium,
582 1685 641 1785 qui
666 1698 765 1780 eunt,
798 1685 858 1785 qui
882 1684 1040 1781 fuemnt,
1062 1686 1121 1785 qni
1147 1685 1249 1758 futuri

262 1818 359 1887 runt!
385 1809 502 1902 Quidi
528 1824 566 1882 tu
585 1808 681 1881 illum
698 1823 814 1881 tecum
835 1808 963 1906 solnm,
986 1822 1048 1881 aut
1071 1836 1153 1882 eum
1168 1811 1248 1882 Cae·

262 1961 339 2011 sare
356 1952 388 2038 ²3
413 1938 472 2039 qui
497 1937 672 2010 nemiuem
691 1936 977 2035 praemiserit,
1000 1936 1140 2036 quicum
1158 1934 1250 2035 loqui

261 2063 431 2162 potuerit,
455 2063 512 2134 eui
536 2086 608 2135 uon
634 2060 755 2134 eedem
780 2061 846 2132 ieta
872 2057 1016 2131 dixeriti
1040 2059 1094 2132 Te
1118 2074 1250 2153 umen,

261 2189 310 2260 mi
334 2188 460 2285 Brute,
483 2189 533 2260 uic
550 2212 630 2259 emo
645 2189 671 2285 ³,
687 2200 727 2258 ut
744 2184 874 2282 debeo,
898 2184 995 2285 quod
1017 2183 1130 2282 istud,
1155 2186 1248 2285 quic·

262 2310 347 2413 quid
379 2326 470 2385 eeeet
498 2336 685 2410 nugarum,
715 2338 772 2384 me
804 2313 893 2384 seire
924 2309 1075 2384 voluisti.
1107 2311 1247 2410 Signum

261 2437 355 2509 enirn
381 2460 545 2534 magnum
578 2438 705 2509 amoris
738 2436 874 2509 dedisti.
905 2435 996 2509 Nem
1028 2435 1124 2536 quod
1158 2435 1247 2508 idem

261 2559 418 2658 Segulius
431 2560 458 2660 4,
475 2574 661 2633 veteranos
686 2564 800 2664 queri,
824 2562 921 2664 quod
945 2576 984 2634 tu
1009 2576 1046 2634 et
1069 2563 1197 2635 Caesar
1213 2562 1248 2631 in

264 2686 467 2759 decemviris
499 2711 571 2758 non
604 2687 739 2758 essetis:
773 2689 906 2759 utinam
938 2713 982 2758 ne
1014 2713 1080 2784 ego
1112 2687 1247 2788 quidem

262 2817 389 2883 essem!
414 2809 510 2902 Quid
535 2813 627 2882 enirn
654 2810 853 2884 molestius?
886 2811 954 2883 Sed
984 2825 1119 2906 tameo,
1144 2837 1247 2912 quum

261 2960 326 3035 ego
343 2937 543 3035 sensissem,
568 2935 611 3007 de
629 2937 685 3034 iis,
711 2938 769 3038 qui
787 2937 956 3009 exercitus
973 2935 1160 3033 haberent,
1176 2961 1247 3009 seu-

261 3060 405 3135 tentiam
424 3060 503 3135 ierri
520 3076 682 3162 oportere
700 3065 731 3133 ⁵:
758 3063 862 3134 iidem
887 3061 954 3160 illi,
979 3063 1039 3162 qui
1055 3060 1185 3159 solent,
1202 3086 1249 3133 re·

263 3168 465 3261 clamarunt.
496 3189 619 3290 Itaque
650 3190 786 3287 excepti
812 3189 916 3260 etiam
942 3189 1041 3284 estis,
1065 3213 1121 3259 me
1146 3185 1247 3259 vehe-

260 3328 397 3387 menter
429 3329 651 3414 repugnante.
685 3314 859 3405 Quocirca
893 3312 1066 3409 Segulium
1100 3310 1247 3410 negliga-

260 3463 354 3537 mus,
380 3440 440 3539 qui
466 3466 520 3512 ree
546 3465 656 3514 novas
686 3440 820 3540 quaerit
836 3441 873 3509 ⁶:
899 3461 972 3508 non
1002 3460 1071 3537 quo
1099 3450 1248 3509 veterem

260 3562 450 3636 comederit
476 3564 623 3652 (nullam
642 3567 735 3637 enim
759 3564 918 3660 habuit),
944 3562 1006 3634 sed
1030 3561 1122 3633 hanc
1139 3562 1246 3660 ipsum

259 3699 432 3759 recentem
458 3713 586 3763 novam
614 3690 804 3764 devoravit.
839 3687 946 3780 Quod
971 3701 1086 3760 autem
1112 3684 1247 3780 scribis,

259 3822 308 3908 te,
326 3810 421 3910 quod
438 3838 503 3912 pro
522 3828 555 3886 te
573 3815 650 3916 ipso
674 3839 745 3888 non
763 3815 881 3910 facias,
898 3813 934 3884 id
952 3837 1016 3913 pro
1034 3836 1089 3885 me
1104 3831 1130 3908 ⁷,
1146 3825 1186 3884 ut
1204 3809 1246 3881 de

258 3957 313 4007 me
340 3937 459 4012 timeae
486 3937 631 4040 aliquid:
659 3944 755 4015 omni
782 3956 832 4036 te,
858 3940 912 4015 vir
936 3939 1069 4038 optime
1095 3937 1247 4037 mihique
