<?xml version="1.0" encoding="UTF-8"?>
<!DOCTYPE html PUBLIC "-//W3C//DTD XHTML 1.0 Transitional//EN"
    "http://www.w3.org/TR/xhtml1/DTD/xhtml1-transitional.dtd">
<html xmlns="http://www.w3.org/1999/xhtml" xml:lang="en" lang="en">
 <head>
  <title>
</title>
<meta http-equiv="Content-Type" content="text/html;charset=utf-8" />
  <meta name='ocr-system' content='tesseract 3.04.00' />
  <meta name='ocr-capabilities' content='ocr_page ocr_carea ocr_par ocr_line ocrx_word'/>
</head>
<body>
  <div class='ocr_page' id='page_1' title='image "./mtulliiciceroni17cicegoog_0436.png"; bbox 0 0 2624 4830; ppageno 0'>
   <div class='ocr_carea' id='block_1_1' title="bbox 244 389 1270 1134">
    <p class='ocr_par' dir='ltr' id='par_1_1' title="bbox 244 389 1249 707">
     <span class='ocr_line' id='line_1_1' title="bbox 244 389 873 485; baseline -0.013 -20"><span class='ocrx_word' id='word_1_1' title='bbox 244 389 316 485; x_wconf 68' lang='lat'>⁴32</span> <span class='ocrx_word' id='word_1_2' title='bbox 614 407 873 459; x_wconf 69' lang='lat' dir='ltr'>annonariam</span> 
     </span>
     <span class='ocr_line' id='line_1_2' title="bbox 284 510 1249 593; baseline -0.006 -16"><span class='ocrx_word' id='word_1_3' title='bbox 284 517 329 578; x_wconf 78' lang='lat' dir='ltr'>iti</span> <span class='ocrx_word' id='word_1_4' title='bbox 346 528 445 593; x_wconf 80' lang='lat' dir='ltr'>erum,</span> <span class='ocrx_word' id='word_1_5' title='bbox 465 524 499 573; x_wconf 92' lang='lat' dir='ltr'>ut</span> <span class='ocrx_word' id='word_1_6' title='bbox 519 514 577 572; x_wconf 82' lang='lat' dir='ltr'>iam</span> <span class='ocrx_word' id='word_1_7' title='bbox 597 512 690 591; x_wconf 79' lang='lat' dir='ltr'>Oceli.</span> <span class='ocrx_word' id='word_1_8' title='bbox 712 515 835 572; x_wconf 88' lang='lat' dir='ltr'>monuit.</span> <span class='ocrx_word' id='word_1_9' title='bbox 858 511 939 570; x_wconf 86' lang='lat' dir='ltr'>anu</span> <span class='ocrx_word' id='word_1_10' title='bbox 960 510 1020 570; x_wconf 81' lang='lat' dir='ltr'>zet.</span> <span class='ocrx_word' id='word_1_11' title='bbox 1035 511 1060 570; x_wconf 89' lang='lat' dir='ltr'>B</span> <span class='ocrx_word' id='word_1_12' title='bbox 1076 511 1249 572; x_wconf 73' lang='lat' dir='ltr'>libertatem·</span> 
     </span>
     <span class='ocr_line' id='line_1_3' title="bbox 283 620 508 707; baseline -0.018 -23"><span class='ocrx_word' id='word_1_13' title='bbox 283 646 343 707; x_wconf 80' lang='lat' dir='ltr'>que</span> <span class='ocrx_word' id='word_1_14' title='bbox 361 620 508 683; x_wconf 73' lang='lat' dir='ltr'>brendani.</span> 
     </span>
    </p>

    <p class='ocr_par' dir='ltr' id='par_1_2' title="bbox 250 726 1229 814">
     <span class='ocr_line' id='line_1_4' title="bbox 250 726 1229 814; baseline -0.007 -21"><span class='ocrx_word' id='word_1_15' title='bbox 250 754 281 793; x_wconf 85' lang='lat' dir='ltr'>rr</span> <span class='ocrx_word' id='word_1_16' title='bbox 306 731 392 814; x_wconf 82' lang='lat' dir='ltr'>scit,</span> <span class='ocrx_word' id='word_1_17' title='bbox 414 741 448 791; x_wconf 92' lang='lat' dir='ltr'>ut</span> <span class='ocrx_word' id='word_1_18' title='bbox 468 730 542 789; x_wconf 79' lang='lat' dir='ltr'>inira</span> <span class='ocrx_word' id='word_1_19' title='bbox 563 727 647 805; x_wconf 89' lang='lat' dir='ltr'>dicit,</span> <span class='ocrx_word' id='word_1_20' title='bbox 666 726 825 788; x_wconf 81' lang='lat' dir='ltr'>commoda</span> <span class='ocrx_word' id='word_1_21' title='bbox 845 727 973 787; x_wconf 79' lang='lat' dir='ltr'>nrilittun</span> <span class='ocrx_word' id='word_1_22' title='bbox 993 747 1127 788; x_wconf 74' lang='lat' dir='ltr'>naconem</span> <span class='ocrx_word' id='word_1_23' title='bbox 1147 747 1229 787; x_wconf 79' lang='lat' dir='ltr'>curu.</span> 
     </span>
    </p>

    <p class='ocr_par' dir='ltr' id='par_1_3' title="bbox 248 834 1270 1031">
     <span class='ocr_line' id='line_1_5' title="bbox 248 834 1270 923; baseline -0.006 -22"><span class='ocrx_word' id='word_1_24' title='bbox 248 860 285 901; x_wconf 75' lang='lat'>12</span> <span class='ocrx_word' id='word_1_25' title='bbox 306 840 352 901; x_wconf 80' lang='lat' dir='ltr'>Ad</span> <span class='ocrx_word' id='word_1_26' title='bbox 373 860 419 923; x_wconf 89' lang='lat' dir='ltr'>ep.</span> <span class='ocrx_word' id='word_1_27' title='bbox 434 836 594 898; x_wconf 86' lang='lat' dir='ltr'>DCCXCV</span> <span class='ocrx_word' id='word_1_28' title='bbox 597 837 637 913; x_wconf 90' lang='lat' dir='ltr'>ll,</span> <span class='ocrx_word' id='word_1_29' title='bbox 651 838 710 896; x_wconf 88' lang='lat' dir='ltr'>init.</span> <span class='ocrx_word' id='word_1_30' title='bbox 736 836 845 908; x_wconf 70' lang='lat' dir='ltr'>ltere,</span> <span class='ocrx_word' id='word_1_31' title='bbox 867 834 952 917; x_wconf 92' lang='lat' dir='ltr'>quod</span> <span class='ocrx_word' id='word_1_32' title='bbox 966 837 1119 917; x_wconf 88' lang='lat' dir='ltr'>sequitur,</span> <span class='ocrx_word' id='word_1_33' title='bbox 1134 834 1270 913; x_wconf 69' lang='lat' dir='ltr'>videtur,</span> 
     </span>
     <span class='ocr_line' id='line_1_6' title="bbox 284 944 595 1031; baseline -0.023 -22"><span class='ocrx_word' id='word_1_34' title='bbox 284 968 387 1031; x_wconf 79' lang='lat' dir='ltr'>asup.</span> <span class='ocrx_word' id='word_1_35' title='bbox 408 944 595 1006; x_wconf 87' lang='lat' dir='ltr'>inculcatum.</span> 
     </span>
    </p>

    <p class='ocr_par' dir='ltr' id='par_1_4' title="bbox 248 1050 1250 1134">
     <span class='ocr_line' id='line_1_7' title="bbox 248 1050 1250 1134; baseline -0.005 -18"><span class='ocrx_word' id='word_1_36' title='bbox 248 1052 284 1116; x_wconf 83' lang='lat'>13</span> <span class='ocrx_word' id='word_1_37' title='bbox 309 1054 508 1128; x_wconf 74' lang='lat' dir='ltr'><em>Vehementer,</em></span> <span class='ocrx_word' id='word_1_38' title='bbox 529 1051 667 1134; x_wconf 82' lang='lat' dir='ltr'>explanat</span> <span class='ocrx_word' id='word_1_39' title='bbox 687 1050 857 1131; x_wconf 82' lang='lat' dir='ltr'>Schtitzius,</span> <span class='ocrx_word' id='word_1_40' title='bbox 884 1061 918 1110; x_wconf 89' lang='lat' dir='ltr'>ut</span> <span class='ocrx_word' id='word_1_41' title='bbox 939 1050 1077 1131; x_wconf 72' lang='lat' dir='ltr'>garrulus</span> <span class='ocrx_word' id='word_1_42' title='bbox 1099 1050 1149 1111; x_wconf 89' lang='lat' dir='ltr'>ille</span> <span class='ocrx_word' id='word_1_43' title='bbox 1170 1050 1250 1133; x_wconf 90' lang='lat' dir='ltr'>apud</span> 
     </span>
    </p>
   </div>
   <div class='ocr_carea' id='block_1_2' title="bbox 240 1159 953 1398">
    <p class='ocr_par' dir='ltr' id='par_1_5' title="bbox 240 1159 953 1398">
     <span class='ocr_line' id='line_1_8' title="bbox 240 1159 714 1261; baseline -0.019 -35"><span class='ocrx_word' id='word_1_44' title='bbox 240 1250 244 1261; x_wconf 37' lang='grc' dir='ltr'>Ι</span> <span class='ocrx_word' id='word_1_45' title='bbox 283 1162 455 1242; x_wconf 76' lang='lat' dir='ltr'>Horatium,</span> <span class='ocrx_word' id='word_1_46' title='bbox 475 1160 536 1221; x_wconf 77' lang='lat' dir='ltr'>Sat</span> <span class='ocrx_word' id='word_1_47' title='bbox 559 1162 585 1242; x_wconf 92' lang='lat' dir='ltr'>l,</span> <span class='ocrx_word' id='word_1_48' title='bbox 606 1179 640 1241; x_wconf 87' lang='lat'>9,</span> <span class='ocrx_word' id='word_1_49' title='bbox 665 1159 714 1234; x_wconf 73' lang='lat'>14:</span> 
     </span>
     <span class='ocr_line' id='line_1_9' title="bbox 539 1326 953 1398; baseline -0.005 -17"><span class='ocrx_word' id='word_1_50' title='bbox 539 1329 631 1381; x_wconf 77' lang='lat' dir='ltr'>lliserc</span> <span class='ocrx_word' id='word_1_51' title='bbox 648 1328 735 1397; x_wconf 89' lang='lat' dir='ltr'>cupis,</span> <span class='ocrx_word' id='word_1_52' title='bbox 754 1327 854 1398; x_wconf 86' lang='lat' dir='ltr'>inquit,</span> <span class='ocrx_word' id='word_1_53' title='bbox 871 1326 953 1379; x_wconf 73' lang='lat' dir='ltr'>abire.</span> 
     </span>
    </p>
   </div>
   <div class='ocr_carea' id='block_1_3' title="bbox 244 1483 1250 2299">
    <p class='ocr_par' dir='ltr' id='par_1_6' title="bbox 280 1483 1250 1997">
     <span class='ocr_line' id='line_1_10' title="bbox 282 1483 1250 1568; baseline -0.004 -19"><span class='ocrx_word' id='word_1_54' title='bbox 282 1488 390 1567; x_wconf 74' lang='lat' dir='ltr'>Recte3</span> <span class='ocrx_word' id='word_1_55' title='bbox 411 1488 450 1546; x_wconf 91' lang='lat' dir='ltr'>ita</span> <span class='ocrx_word' id='word_1_56' title='bbox 470 1487 547 1545; x_wconf 89' lang='lat' dir='ltr'>enim</span> <span class='ocrx_word' id='word_1_57' title='bbox 569 1488 655 1545; x_wconf 81' lang='lat' dir='ltr'>anxie</span> <span class='ocrx_word' id='word_1_58' title='bbox 675 1485 927 1568; x_wconf 84' lang='lat' dir='ltr'>vehementerque</span> <span class='ocrx_word' id='word_1_59' title='bbox 948 1504 1003 1545; x_wconf 83' lang='lat' dir='ltr'>suo</span> <span class='ocrx_word' id='word_1_60' title='bbox 1024 1483 1106 1544; x_wconf 89' lang='lat' dir='ltr'>rnalo</span> <span class='ocrx_word' id='word_1_61' title='bbox 1126 1504 1250 1566; x_wconf 78' lang='lat' dir='ltr'>negasse</span> 
     </span>
     <span class='ocr_line' id='line_1_11' title="bbox 282 1592 1249 1676; baseline -0.003 -20"><span class='ocrx_word' id='word_1_62' title='bbox 282 1593 389 1656; x_wconf 79' lang='lat' dir='ltr'><strong>Bassus</strong></span> <span class='ocrx_word' id='word_1_63' title='bbox 409 1592 543 1676; x_wconf 81' lang='lat' dir='ltr'>videtur,</span> <span class='ocrx_word' id='word_1_64' title='bbox 563 1604 597 1652; x_wconf 90' lang='lat' dir='ltr'>ut</span> <span class='ocrx_word' id='word_1_65' title='bbox 618 1594 812 1654; x_wconf 82' lang='lat' dir='ltr'>miserationis</span> <span class='ocrx_word' id='word_1_66' title='bbox 826 1613 944 1654; x_wconf 82' lang='lat' dir='ltr'>sensum</span> <span class='ocrx_word' id='word_1_67' title='bbox 964 1595 995 1652; x_wconf 92' lang='lat' dir='ltr'>io</span> <span class='ocrx_word' id='word_1_68' title='bbox 1016 1592 1119 1653; x_wconf 86' lang='lat' dir='ltr'>Cossio</span> <span class='ocrx_word' id='word_1_69' title='bbox 1139 1592 1249 1654; x_wconf 86' lang='lat' dir='ltr'>elicue-</span> 
     </span>
     <span class='ocr_line' id='line_1_12' title="bbox 282 1697 1248 1783; baseline -0.004 -20"><span class='ocrx_word' id='word_1_70' title='bbox 282 1704 329 1763; x_wconf 71' lang='lat' dir='ltr'>rit.</span> <span class='ocrx_word' id='word_1_71' title='bbox 350 1700 398 1761; x_wconf 86' lang='lat' dir='ltr'>Sic</span> <span class='ocrx_word' id='word_1_72' title='bbox 413 1701 533 1760; x_wconf 88' lang='lat' dir='ltr'>Terent.</span> <span class='ocrx_word' id='word_1_73' title='bbox 549 1699 656 1761; x_wconf 90' lang='lat' dir='ltr'>Hcaut.</span> <span class='ocrx_word' id='word_1_74' title='bbox 679 1701 710 1783; x_wconf 93' lang='lat' dir='ltr'>l,</span> <span class='ocrx_word' id='word_1_75' title='bbox 732 1721 765 1779; x_wconf 83' lang='lat'>2,</span> <span class='ocrx_word' id='word_1_76' title='bbox 791 1697 838 1761; x_wconf 79' lang='lat'>16:</span> <span class='ocrx_word' id='word_1_77' title='bbox 860 1699 940 1761; x_wconf 79' lang='lat' dir='ltr'>Eam</span> <span class='ocrx_word' id='word_1_78' title='bbox 960 1702 1065 1760; x_wconf 70' lang='lat' dir='ltr'>nasein</span> <span class='ocrx_word' id='word_1_79' title='bbox 1085 1713 1181 1761; x_wconf 72' lang='lat' dir='ltr'>anm.</span> <span class='ocrx_word' id='word_1_80' title='bbox 1202 1701 1248 1760; x_wconf 81' lang='lat' dir='ltr'>De</span> 
     </span>
     <span class='ocr_line' id='line_1_13' title="bbox 280 1806 1249 1890; baseline -0.005 -19"><span class='ocrx_word' id='word_1_81' title='bbox 280 1808 371 1871; x_wconf 82' lang='lat' dir='ltr'>Basso</span> <span class='ocrx_word' id='word_1_82' title='bbox 384 1820 414 1869; x_wconf 85' lang='lat' dir='ltr'>et</span> <span class='ocrx_word' id='word_1_83' title='bbox 427 1807 542 1890; x_wconf 80' lang='lat' dir='ltr'>legione</span> <span class='ocrx_word' id='word_1_84' title='bbox 564 1809 627 1867; x_wconf 89' lang='lat' dir='ltr'>eius</span> <span class='ocrx_word' id='word_1_85' title='bbox 641 1806 760 1868; x_wconf 85' lang='lat' dir='ltr'>vidend</span> <span class='ocrx_word' id='word_1_86' title='bbox 774 1829 820 1890; x_wconf 89' lang='lat' dir='ltr'>ep.</span> <span class='ocrx_word' id='word_1_87' title='bbox 841 1806 1043 1867; x_wconf 84' lang='lat' dir='ltr'>Dccxcvn.</span> <span class='ocrx_word' id='word_1_88' title='bbox 1064 1807 1140 1867; x_wconf 85' lang='lat' dir='ltr'>lllox</span> <span class='ocrx_word' id='word_1_89' title='bbox 1152 1818 1249 1889; x_wconf 84' lang='lat' dir='ltr'>quatt.</span> 
     </span>
     <span class='ocr_line' id='line_1_14' title="bbox 280 1912 973 1997; baseline 0 -22"><span class='ocrx_word' id='word_1_90' title='bbox 280 1915 368 1976; x_wconf 89' lang='lat' dir='ltr'>codd.</span> <span class='ocrx_word' id='word_1_91' title='bbox 389 1916 533 1995; x_wconf 55' lang='lat' dir='ltr'>legionen·</span> <span class='ocrx_word' id='word_1_92' title='bbox 555 1912 638 1997; x_wconf 91' lang='lat' dir='ltr'>quod</span> <span class='ocrx_word' id='word_1_93' title='bbox 659 1914 811 1975; x_wconf 83' lang='lat' dir='ltr'>Corradus</span> <span class='ocrx_word' id='word_1_94' title='bbox 832 1913 973 1975; x_wconf 76' lang='lat' dir='ltr'>defendit.</span> 
     </span>
    </p>

    <p class='ocr_par' dir='ltr' id='par_1_7' title="bbox 244 2022 953 2101">
     <span class='ocr_line' id='line_1_15' title="bbox 244 2022 953 2101; baseline -0.004 -17"><span class='ocrx_word' id='word_1_95' title='bbox 244 2023 282 2101; x_wconf 67' lang='lat' dir='ltr'>td</span> <span class='ocrx_word' id='word_1_96' title='bbox 301 2022 379 2085; x_wconf 86' lang='lat' dir='ltr'>Edd.</span> <span class='ocrx_word' id='word_1_97' title='bbox 400 2024 455 2083; x_wconf 86' lang='lat' dir='ltr'>Ro.</span> <span class='ocrx_word' id='word_1_98' title='bbox 475 2023 549 2084; x_wconf 91' lang='lat' dir='ltr'>lens.</span> <span class='ocrx_word' id='word_1_99' title='bbox 571 2022 626 2083; x_wconf 83' lang='lat' dir='ltr'>sed</span> <span class='ocrx_word' id='word_1_100' title='bbox 644 2036 672 2083; x_wconf 89' lang='lat' dir='ltr'>et</span> <span class='ocrx_word' id='word_1_101' title='bbox 689 2023 841 2084; x_wconf 84' lang='lat' dir='ltr'>amicitiae</span> <span class='ocrx_word' id='word_1_102' title='bbox 861 2043 953 2082; x_wconf 86' lang='lat' dir='ltr'>mene.</span> 
     </span>
    </p>

    <p class='ocr_par' dir='ltr' id='par_1_8' title="bbox 244 2128 1246 2299">
     <span class='ocr_line' id='line_1_16' title="bbox 244 2128 1246 2214; baseline -0.003 -22"><span class='ocrx_word' id='word_1_103' title='bbox 244 2128 281 2192; x_wconf 71' lang='lat'>15</span> <span class='ocrx_word' id='word_1_104' title='bbox 301 2131 350 2191; x_wconf 88' lang='lat' dir='ltr'>Sic</span> <span class='ocrx_word' id='word_1_105' title='bbox 370 2143 462 2214; x_wconf 69' lang='lat' dir='ltr'>quatu</span> <span class='ocrx_word' id='word_1_106' title='bbox 478 2130 586 2192; x_wconf 82' lang='lat' dir='ltr'>Ambb.</span> <span class='ocrx_word' id='word_1_107' title='bbox 606 2133 676 2193; x_wconf 81' lang='lat' dir='ltr'>lieu</span> <span class='ocrx_word' id='word_1_108' title='bbox 691 2143 722 2193; x_wconf 90' lang='lat' dir='ltr'>et</span> <span class='ocrx_word' id='word_1_109' title='bbox 735 2130 802 2192; x_wconf 88' lang='lat' dir='ltr'>edd.</span> <span class='ocrx_word' id='word_1_110' title='bbox 817 2152 862 2214; x_wconf 92' lang='lat' dir='ltr'>pr.</span> <span class='ocrx_word' id='word_1_111' title='bbox 877 2152 946 2191; x_wconf 91' lang='lat' dir='ltr'>cum</span> <span class='ocrx_word' id='word_1_112' title='bbox 966 2130 1134 2213; x_wconf 82' lang='lat' dir='ltr'>Lambino;</span> <span class='ocrx_word' id='word_1_113' title='bbox 1155 2129 1246 2212; x_wconf 70' lang='lat' dir='ltr'>vulgo</span> 
     </span>
     <span class='ocr_line' id='line_1_17' title="bbox 278 2237 373 2299; baseline -0.011 0"><span class='ocrx_word' id='word_1_114' title='bbox 278 2237 373 2299; x_wconf 82' lang='lat' dir='ltr'>audii.</span> 
     </span>
    </p>
   </div>
   <div class='ocr_carea' id='block_1_4' title="bbox 635 2452 836 2514">
    <p class='ocr_par' dir='ltr' id='par_1_9' title="bbox 635 2452 836 2514">
     <span class='ocr_line' id='line_1_18' title="bbox 635 2452 836 2514; baseline -0.015 0"><span class='ocrx_word' id='word_1_115' title='bbox 635 2452 836 2514; x_wconf 76' lang='lat' dir='ltr'>ncecxvn.</span> 
     </span>
    </p>
   </div>
   <div class='ocr_carea' id='block_1_5' title="bbox 137 2663 1242 4039">
    <p class='ocr_par' dir='ltr' id='par_1_10' title="bbox 137 2663 1242 4039">
     <span class='ocr_line' id='line_1_19' title="bbox 242 2663 1242 2746; baseline 0.004 -23"><span class='ocrx_word' id='word_1_116' title='bbox 242 2681 253 2723; x_wconf 83' lang='lat' dir='ltr'>t</span> <span class='ocrx_word' id='word_1_117' title='bbox 277 2663 399 2742; x_wconf 77' lang='lat' dir='ltr'>Agimus</span> <span class='ocrx_word' id='word_1_118' title='bbox 420 2667 527 2746; x_wconf 81' lang='lat' dir='ltr'>gratias</span> <span class='ocrx_word' id='word_1_119' title='bbox 553 2667 663 2738; x_wconf 83' lang='lat' dir='ltr'>verbis,</span> <span class='ocrx_word' id='word_1_120' title='bbox 691 2666 836 2727; x_wconf 87' lang='lat' dir='ltr'>babemus</span> <span class='ocrx_word' id='word_1_121' title='bbox 863 2669 982 2739; x_wconf 72' lang='lat' dir='ltr'>anieno,</span> <span class='ocrx_word' id='word_1_122' title='bbox 1010 2668 1170 2727; x_wconf 82' lang='lat' dir='ltr'>referimus</span> <span class='ocrx_word' id='word_1_123' title='bbox 1197 2689 1242 2740; x_wconf 85' lang='lat' dir='ltr'>re,</span> 
     </span>
     <span class='ocr_line' id='line_1_20' title="bbox 275 2767 1072 2856; baseline 0.011 -29"><span class='ocrx_word' id='word_1_124' title='bbox 275 2767 334 2829; x_wconf 86' lang='lat' dir='ltr'>boc</span> <span class='ocrx_word' id='word_1_125' title='bbox 354 2782 398 2831; x_wconf 90' lang='lat' dir='ltr'>est</span> <span class='ocrx_word' id='word_1_126' title='bbox 419 2772 508 2831; x_wconf 84' lang='lat' dir='ltr'>lactis.</span> <span class='ocrx_word' id='word_1_127' title='bbox 531 2772 598 2833; x_wconf 84' lang='lat' dir='ltr'>vid.</span> <span class='ocrx_word' id='word_1_128' title='bbox 621 2776 710 2835; x_wconf 89' lang='lat' dir='ltr'>etiam</span> <span class='ocrx_word' id='word_1_129' title='bbox 732 2795 778 2856; x_wconf 87' lang='lat' dir='ltr'>ep.</span> <span class='ocrx_word' id='word_1_130' title='bbox 800 2774 989 2852; x_wconf 83' lang='lat' dir='ltr'>DCCCXLl,</span> <span class='ocrx_word' id='word_1_131' title='bbox 1010 2777 1072 2836; x_wconf 71' lang='lat' dir='ltr'>init</span> 
     </span>
     <span class='ocr_line' id='line_1_21' title="bbox 137 2875 1241 2965; baseline 0.002 -27"><span class='ocrx_word' id='word_1_132' title='bbox 137 2912 152 2941; x_wconf 62' lang='grc' dir='ltr'><strong><em>ο</em></strong></span> <span class='ocrx_word' id='word_1_133' title='bbox 236 2896 254 2939; x_wconf 79' lang='lat'>2</span> <span class='ocrx_word' id='word_1_134' title='bbox 277 2875 358 2936; x_wconf 88' lang='lat' dir='ltr'>Haec</span> <span class='ocrx_word' id='word_1_135' title='bbox 379 2876 528 2939; x_wconf 85' lang='lat' dir='ltr'>Ciceronis</span> <span class='ocrx_word' id='word_1_136' title='bbox 547 2881 669 2960; x_wconf 86' lang='lat' dir='ltr'>epistola</span> <span class='ocrx_word' id='word_1_137' title='bbox 683 2881 877 2943; x_wconf 84' lang='lat' dir='ltr'>desideratur.</span> <span class='ocrx_word' id='word_1_138' title='bbox 898 2882 1014 2943; x_wconf 65' lang='lat' dir='ltr'>litarent.</span> <span class='ocrx_word' id='word_1_139' title='bbox 1035 2883 1074 2943; x_wconf 89' lang='lat' dir='ltr'>V.</span> <span class='ocrx_word' id='word_1_140' title='bbox 1096 2896 1159 2944; x_wconf 88' lang='lat' dir='ltr'>not.</span> <span class='ocrx_word' id='word_1_141' title='bbox 1182 2905 1241 2965; x_wconf 88' lang='lat' dir='ltr'>seq.</span> 
     </span>
     <span class='ocr_line' id='line_1_22' title="bbox 236 2982 1241 3073; baseline 0.009 -31"><span class='ocrx_word' id='word_1_142' title='bbox 236 2982 254 3041; x_wconf 89' lang='grc'>3</span> <span class='ocrx_word' id='word_1_143' title='bbox 276 2983 458 3047; x_wconf 85' lang='lat' dir='ltr'>Coniunctae</span> <span class='ocrx_word' id='word_1_144' title='bbox 479 3000 562 3068; x_wconf 88' lang='lat' dir='ltr'>snnt,</span> <span class='ocrx_word' id='word_1_145' title='bbox 583 3000 612 3048; x_wconf 93' lang='lat' dir='ltr'>et</span> <span class='ocrx_word' id='word_1_146' title='bbox 633 3001 721 3049; x_wconf 88' lang='lat' dir='ltr'>notae</span> <span class='ocrx_word' id='word_1_147' title='bbox 741 2990 830 3073; x_wconf 74' lang='lat' dir='ltr'>milii3</span> <span class='ocrx_word' id='word_1_148' title='bbox 851 2989 880 3049; x_wconf 88' lang='lat' dir='ltr'>h.</span> <span class='ocrx_word' id='word_1_149' title='bbox 902 3012 928 3050; x_wconf 86' lang='lat' dir='ltr'>e.</span> <span class='ocrx_word' id='word_1_150' title='bbox 951 2992 1019 3050; x_wconf 86' lang='lat' dir='ltr'>novi</span> <span class='ocrx_word' id='word_1_151' title='bbox 1039 2995 1154 3073; x_wconf 88' lang='lat' dir='ltr'>primas</span> <span class='ocrx_word' id='word_1_152' title='bbox 1176 3004 1241 3051; x_wconf 89' lang='lat' dir='ltr'>tuas</span> 
     </span>
     <span class='ocr_line' id='line_1_23' title="bbox 274 3094 1240 3178; baseline 0.01 -29"><span class='ocrx_word' id='word_1_153' title='bbox 274 3095 447 3167; x_wconf 88' lang='lat' dir='ltr'>sententias,</span> <span class='ocrx_word' id='word_1_154' title='bbox 470 3094 579 3177; x_wconf 90' lang='lat' dir='ltr'>quibus</span> <span class='ocrx_word' id='word_1_155' title='bbox 601 3096 778 3178; x_wconf 85' lang='lat' dir='ltr'>amplissima</span> <span class='ocrx_word' id='word_1_156' title='bbox 806 3118 930 3157; x_wconf 83' lang='lat' dir='ltr'>munera</span> <span class='ocrx_word' id='word_1_157' title='bbox 949 3096 1022 3157; x_wconf 90' lang='lat' dir='ltr'>mihi</span> <span class='ocrx_word' id='word_1_158' title='bbox 1045 3097 1240 3159; x_wconf 86' lang='lat' dir='ltr'>decernebas.</span> 
     </span>
     <span class='ocr_line' id='line_1_24' title="bbox 273 3198 1241 3288; baseline 0.007 -29"><span class='ocrx_word' id='word_1_159' title='bbox 273 3198 464 3274; x_wconf 80' lang='lat' dir='ltr'>Muneribus,</span> <span class='ocrx_word' id='word_1_160' title='bbox 486 3202 658 3265; x_wconf 87' lang='lat' dir='ltr'>honoribus.</span> <span class='ocrx_word' id='word_1_161' title='bbox 681 3204 735 3264; x_wconf 71' lang='lat' dir='ltr'>Act</span> <span class='ocrx_word' id='word_1_162' title='bbox 754 3219 866 3288; x_wconf 83' lang='lat' dir='ltr'>tempus</span> <span class='ocrx_word' id='word_1_163' title='bbox 880 3240 921 3250; x_wconf 90' lang='lat'><em>-</em></span> <span class='ocrx_word' id='word_1_164' title='bbox 934 3208 1135 3287; x_wconf 76' lang='lat' dir='ltr'>corapositac,</span> <span class='ocrx_word' id='word_1_165' title='bbox 1164 3206 1241 3267; x_wconf 90' lang='lat' dir='ltr'>scili-</span> 
     </span>
     <span class='ocr_line' id='line_1_25' title="bbox 274 3307 1241 3391; baseline 0.009 -25"><span class='ocrx_word' id='word_1_166' title='bbox 274 3317 320 3367; x_wconf 88' lang='lat' dir='ltr'>cet</span> <span class='ocrx_word' id='word_1_167' title='bbox 334 3307 438 3369; x_wconf 86' lang='lat' dir='ltr'>Cicero</span> <span class='ocrx_word' id='word_1_168' title='bbox 453 3314 564 3371; x_wconf 88' lang='lat' dir='ltr'>censuit</span> <span class='ocrx_word' id='word_1_169' title='bbox 579 3315 607 3370; x_wconf 92' lang='lat' dir='ltr'>in</span> <span class='ocrx_word' id='word_1_170' title='bbox 623 3324 741 3391; x_wconf 89' lang='lat' dir='ltr'>senatu,</span> <span class='ocrx_word' id='word_1_171' title='bbox 759 3315 904 3373; x_wconf 86' lang='lat' dir='ltr'>rationem</span> <span class='ocrx_word' id='word_1_172' title='bbox 921 3311 1090 3373; x_wconf 86' lang='lat' dir='ltr'>habendam</span> <span class='ocrx_word' id='word_1_173' title='bbox 1107 3337 1172 3376; x_wconf 88' lang='lat' dir='ltr'>esse</span> <span class='ocrx_word' id='word_1_174' title='bbox 1188 3336 1241 3375; x_wconf 80' lang='lat' dir='ltr'>ex-</span> 
     </span>
     <span class='ocr_line' id='line_1_26' title="bbox 274 3418 1239 3502; baseline 0.013 -30"><span class='ocrx_word' id='word_1_175' title='bbox 274 3418 459 3478; x_wconf 86' lang='lat' dir='ltr'>cusationum</span> <span class='ocrx_word' id='word_1_176' title='bbox 475 3418 575 3479; x_wconf 78' lang='lat' dir='ltr'>Planci</span> <span class='ocrx_word' id='word_1_177' title='bbox 598 3422 626 3479; x_wconf 89' lang='lat' dir='ltr'>in</span> <span class='ocrx_word' id='word_1_178' title='bbox 648 3441 694 3502; x_wconf 91' lang='lat' dir='ltr'>ep.</span> <span class='ocrx_word' id='word_1_179' title='bbox 716 3419 756 3480; x_wconf 90' lang='lat' dir='ltr'>ad</span> <span class='ocrx_word' id='word_1_180' title='bbox 777 3431 910 3480; x_wconf 88' lang='lat' dir='ltr'>senatum</span> <span class='ocrx_word' id='word_1_181' title='bbox 933 3421 1049 3480; x_wconf 79' lang='lat' dir='ltr'>Decet</span> <span class='ocrx_word' id='word_1_182' title='bbox 1064 3423 1239 3501; x_wconf 89' lang='lat' dir='ltr'>allatarum,</span> 
     </span>
     <span class='ocr_line' id='line_1_27' title="bbox 272 3520 1240 3614; baseline 0.015 -37"><span class='ocrx_word' id='word_1_183' title='bbox 272 3520 429 3607; x_wconf 87' lang='lat' dir='ltr'>ipsumque</span> <span class='ocrx_word' id='word_1_184' title='bbox 455 3525 599 3587; x_wconf 84' lang='lat' dir='ltr'>Plancum</span> <span class='ocrx_word' id='word_1_185' title='bbox 627 3527 760 3589; x_wconf 76' lang='lat' dir='ltr'>defendit</span> <span class='ocrx_word' id='word_1_186' title='bbox 791 3538 895 3587; x_wconf 84' lang='lat' dir='ltr'>contm</span> <span class='ocrx_word' id='word_1_187' title='bbox 926 3527 1161 3611; x_wconf 74' lang='lat' dir='ltr'>obtrectatores,</span> <span class='ocrx_word' id='word_1_188' title='bbox 1187 3535 1240 3614; x_wconf 90' lang='lat' dir='ltr'>qui</span> 
     </span>
     <span class='ocr_line' id='line_1_28' title="bbox 272 3623 1240 3723; baseline 0.012 -37"><span class='ocrx_word' id='word_1_189' title='bbox 272 3623 363 3687; x_wconf 83' lang='lat' dir='ltr'>fidem</span> <span class='ocrx_word' id='word_1_190' title='bbox 385 3633 448 3690; x_wconf 78' lang='lat' dir='ltr'>citis</span> <span class='ocrx_word' id='word_1_191' title='bbox 469 3633 633 3696; x_wconf 87' lang='lat' dir='ltr'>acrioribus</span> <span class='ocrx_word' id='word_1_192' title='bbox 659 3634 756 3696; x_wconf 78' lang='lat' dir='ltr'>verbis</span> <span class='ocrx_word' id='word_1_193' title='bbox 782 3635 1027 3719; x_wconf 76' lang='lat' dir='ltr'>perstringebant</span> <span class='ocrx_word' id='word_1_194' title='bbox 1057 3637 1128 3698; x_wconf 85' lang='lat' dir='ltr'>Cler</span> <span class='ocrx_word' id='word_1_195' title='bbox 1155 3644 1240 3723; x_wconf 85' lang='lat' dir='ltr'>epist.</span> 
     </span>
     <span class='ocr_line' id='line_1_29' title="bbox 272 3729 1241 3824; baseline 0.018 -33"><span class='ocrx_word' id='word_1_196' title='bbox 272 3729 417 3817; x_wconf 76' lang='lat' dir='ltr'>DCCCV,</span> <span class='ocrx_word' id='word_1_197' title='bbox 437 3741 485 3799; x_wconf 90' lang='lat' dir='ltr'>cui</span> <span class='ocrx_word' id='word_1_198' title='bbox 506 3739 580 3801; x_wconf 90' lang='lat' dir='ltr'>haec</span> <span class='ocrx_word' id='word_1_199' title='bbox 601 3742 767 3824; x_wconf 85' lang='lat' dir='ltr'>respondet.</span> <span class='ocrx_word' id='word_1_200' title='bbox 790 3744 823 3802; x_wconf 94' lang='lat' dir='ltr'>ln</span> <span class='ocrx_word' id='word_1_201' title='bbox 844 3763 880 3803; x_wconf 91' lang='lat' dir='ltr'>ea</span> <span class='ocrx_word' id='word_1_202' title='bbox 901 3765 934 3804; x_wconf 87' lang='lat' dir='ltr'>re</span> <span class='ocrx_word' id='word_1_203' title='bbox 955 3744 1072 3804; x_wconf 90' lang='lat' dir='ltr'>Tullius</span> <span class='ocrx_word' id='word_1_204' title='bbox 1090 3744 1241 3808; x_wconf 88' lang='lat' dir='ltr'>desiderio</span> 
     </span>
     <span class='ocr_line' id='line_1_30' title="bbox 274 3843 1091 3934; baseline 0.015 -37"><span class='ocrx_word' id='word_1_205' title='bbox 274 3843 438 3904; x_wconf 80' lang='lat' dir='ltr'>amicornm</span> <span class='ocrx_word' id='word_1_206' title='bbox 459 3845 576 3929; x_wconf 86' lang='lat' dir='ltr'>Planci,</span> <span class='ocrx_word' id='word_1_207' title='bbox 597 3862 627 3911; x_wconf 89' lang='lat' dir='ltr'>ot</span> <span class='ocrx_word' id='word_1_208' title='bbox 647 3854 774 3934; x_wconf 86' lang='lat' dir='ltr'>tempori</span> <span class='ocrx_word' id='word_1_209' title='bbox 794 3871 825 3911; x_wconf 86' lang='lat' dir='ltr'>se</span> <span class='ocrx_word' id='word_1_210' title='bbox 847 3852 1091 3912; x_wconf 82' lang='lat' dir='ltr'>accommodavit.</span> 
     </span>
     <span class='ocr_line' id='line_1_31' title="bbox 233 3942 1239 4039; baseline 0.019 -35"><span class='ocrx_word' id='word_1_211' title='bbox 233 3942 440 4029; x_wconf 67' lang='lat' dir='ltr'>dErnestins,</span> <span class='ocrx_word' id='word_1_212' title='bbox 462 3952 604 4039; x_wconf 86' lang='lat' dir='ltr'>illnmqne</span> <span class='ocrx_word' id='word_1_213' title='bbox 625 3970 743 4020; x_wconf 83' lang='lat' dir='ltr'>secutus</span> <span class='ocrx_word' id='word_1_214' title='bbox 765 3956 920 4020; x_wconf 79' lang='lat' dir='ltr'>Sch&#39;dtzius</span> <span class='ocrx_word' id='word_1_215' title='bbox 940 3962 1036 4021; x_wconf 84' lang='lat' dir='ltr'>oratio</span> <span class='ocrx_word' id='word_1_216' title='bbox 1057 3958 1096 4021; x_wconf 86' lang='lat' dir='ltr'>dc</span> <span class='ocrx_word' id='word_1_217' title='bbox 1118 3982 1166 4021; x_wconf 86' lang='lat' dir='ltr'>me</span> <span class='ocrx_word' id='word_1_218' title='bbox 1186 3984 1239 4025; x_wconf 82' lang='lat' dir='ltr'>ar·</span> 
     </span>
    </p>
   </div>
   <div class='ocr_carea' id='block_1_6' title="bbox 0 0 1316 4830">
    <p class='ocr_par' dir='ltr' id='par_1_11' title="bbox 0 0 1316 4830">
     <span class='ocr_line' id='line_1_32' title="bbox 0 0 1316 4830; baseline 0 3"><span class='ocrx_word' id='word_1_219' title='bbox 0 0 1316 4830; x_wconf 95' lang='lat' dir='ltr'> </span> 
     </span>
    </p>
   </div>
  </div>
 </body>
</html>
