2624 4830
166 413 216 489 62
494 431 661 482 srtsroct
693 433 810 480 ucccv.
943 429 1024 479 Μ.
1041 434 1072 479 c.
1088 445 1134 494 2¹·

168 536 238 612 tau
263 538 376 609 estin
400 548 588 636 posterum.
617 535 674 609 Eo
699 547 816 607 autem
842 532 899 606 die
923 556 1051 632 magna
1074 533 1159 608 milri

167 687 234 762 pro
259 676 318 736 tua
344 654 513 762 dignitate
545 661 727 735 contentio
753 686 831 733 cum
858 658 1006 734 Servilio
1029 658 1098 735 fnit
1113 662 1159 759 ¹⁵3

168 786 227 890 qui
243 815 350 892 quum
368 786 475 888 gratia
497 785 681 887 effecisset,
707 799 747 859 ut
769 811 832 859 sua
856 784 1032 860 sententia
1047 786 1157 895 prima

164 917 461 1021 pronuntiaretur,
485 914 645 1017 frequens
670 939 752 986 eum
775 925 916 985 senatus
942 910 1101 1016 reliquit,
1122 925 1158 987 et

166 1046 204 1119 in
220 1043 286 1119 aliu
303 1042 419 1117 omnia
436 1040 597 1115 discessit
610 1042 651 1136 Ψ,
667 1064 833 1140 meaeque
850 1040 1057 1137 sentcntiae,
1071 1065 1158 1142 quse

164 1168 318 1245 secunda
343 1168 568 1269 pronuntiata
592 1179 684 1265 erat,
708 1192 817 1266 quum
841 1165 1042 1266 frequenter
1054 1181 1084 1232 ¹⁷
1104 1192 1158 1239 as·

164 1297 351 1369 sentiretur
373 1307 527 1391 senatus,
551 1306 675 1400 rogatu
701 1289 836 1366 Servilii
860 1293 901 1364 P.
925 1291 1041 1365 Titius
1056 1293 1158 1366 inter

164 1421 278 1494 cessit
311 1420 378 1493 Res
409 1421 446 1492 in
479 1432 660 1519 posterum
694 1416 798 1490 dilata
819 1417 994 1490 ¹⁸.·Venit
1018 1429 1157 1517 paratus

166 1543 344 1644 Servilius,
367 1546 447 1620 Jovi
472 1546 540 1646 ipsi
559 1560 589 1617 ¹2
614 1544 768 1649 iniquus,
785 1544 883 1616 cuius
899 1543 936 1615 in
956 1541 1088 1643 templo
1105 1569 1157 1616 res

166 1671 340 1773 agebatur.
365 1673 511 1746 Hunc²⁰
530 1667 826 1773 quemadmodum
845 1668 1025 1771 fregerim,
1049 1696 1157 1772 quau·
1182 1682 1188 1693 '

167 1812 270 1900 taque
288 1799 510 1872 contentione
524 1798 656 1872 Titium
675 1797 941 1873 intercessorem
957 1795 1158 1894 abiecerim,

165 1951 208 1999 ex
231 1924 379 2000 aliorum
404 1940 439 2002 te
464 1924 571 2000 literis
596 1923 689 1999 malo
714 1949 935 2023 cognoscere.
952 1924 1075 1999 Vnum
1091 1921 1156 1998 hoc

165 2078 208 2126 ex
231 2052 333 2127 meis:
367 2067 506 2126 senatus
537 2053 677 2152 gravior
692 2067 735 2150 ²¹,
758 2053 993 2148 constantior,
1016 2051 1159 2125 amicior

164 2180 233 2251 tuis
248 2178 419 2252 ¹laudibus
440 2205 514 2252 esse
532 2205 604 2252 non
622 2186 755 2279 potuit,
772 2204 877 2278 quam
894 2192 969 2251 tum
987 2176 1061 2249 fuit
1086 2176 1157 2252 Nec

165 2329 248 2379 vero
283 2303 346 2377 tibi
378 2320 518 2378 senatus
552 2307 717 2404 amicior,
746 2282 851 2407 quain
876 2317 1004 2377 cuncta
1028 2302 1157 2377 civitas.

164 2427 369 2535 Mirabiliter
399 2432 491 2502 cuim
517 2432 670 2533 populus
699 2433 877 2529 Romanus
901 2431 1101 2531 universos,
1115 2442 1159 2521 ‚et

163 2557 320 2649 omnium
339 2582 501 2655 generum
528 2558 759 2660 ordinumque
778 2574 809 2608 ²²
835 2583 1026 2631 consensus
1051 2556 1098 2632 ad
1121 2555 1158 2629 li·

163 2681 355 2757 herandum
373 2683 641 2783 rempublicam
658 2660 882 2785 conspiravit
908 2686 1020 2783 Perge
1039 2686 1160 2785 igitur,

163 2822 204 2882 ut
229 2809 302 2907 agis
316 2810 359 2908 ²³,
384 2835 581 2912 nomenque
606 2826 706 2885 tunm
731 2811 940 2885 commenda
957 2810 1160 2889 immortali·

164 2936 244 3008 tati:
270 2950 375 3037 atque
400 2914 638 3036 haecomnia,
664 2964 753 3040 quae
769 2936 902 3011 habent
918 2939 1073 3037 speciem
1090 2936 1160 3037 glo·

165 3048 254 3160 riae,
286 3061 467 3136 collectam
500 3065 709 3138 inanissimis
731 3065 763 3131 ²l
788 3052 985 3164 splendoris
1017 3065 1158 3164 insigui-

162 3187 244 3293 bns,
270 3203 468 3289 contemne,
492 3190 629 3293 brevia,
654 3191 806 3291 fugacia,
832 3190 964 3264 caduca
989 3192 1156 3265 existima.

161 3314 294 3391 Verum
318 3316 423 3391 decus
441 3318 477 3390 in
496 3318 623 3392 virtute
641 3319 795 3420 positum
813 3332 882 3413 est,
903 3342 992 3418 quae
1009 3317 1163 3394 maxime

162 3440 354 3518 illustratur
379 3445 513 3542 maguis
538 3446 575 3516 iu
601 3471 674 3518 rem
699 3443 876 3545 publicam
901 3445 1042 3517 meritis.
1071 3446 1157 3516 llam

164 3566 360 3642 facultatem
388 3570 495 3642 habos
514 3573 716 3669 uinximnm,
740 3597 844 3672 quam
861 3569 1003 3672 quaudo
1016 3571 1049 3620 ²⁵
1067 3596 1158 3644 com·

164 3692 286 3793 plexus
308 3724 361 3794 es,
388 3711 482 3769 tene:
508 3701 654 3796 perfice,
679 3712 717 3770 ut
743 3722 788 3771 ne
813 3699 928 3770 minus
945 3694 1155 3797 respublica

166 3817 245 3918 u'bi,
269 3848 373 3922 quam
400 3837 436 3894 tu
464 3823 511 3895 rei
544 3822 704 3922 publicae
737 3822 873 3896 debeas.
906 3823 964 3894 Me
997 3836 1079 3894 tuae
1104 3820 1154 3892 di·

166 3947 306 4045 gnitatis
332 3974 403 4022 trun
430 3948 536 4022 modo
565 3949 751 4047 fautorem,
783 3948 846 4023 sed
878 3949 983 4021 ctiam
1009 3944 1156 4047 amplifi·
