2624 4830
241 390 312 464 boa
598 406 766 457 aarsrons
793 409 854 456 xu.
1004 407 1047 457 aa.
1064 375 1145 459 r.⁸c.
1165 423 1213 473 sao

240 511 315 612 lege
330 512 484 588 Domitia
511 509 621 583 factus
646 522 699 582 est
724 534 849 608 augur:
874 533 955 608 nec,
979 534 1050 611 quo
1067 512 1183 587 minus
1198 513 1238 588 id

181 706 184 717 .
238 651 361 740 postca
387 637 523 737 liceret,
547 635 616 709 nlla
641 634 697 708 lex
721 636 843 709 sanxit.
875 636 942 710 Est
966 636 1072 710 etiam
1097 638 1136 711 in
1159 638 1237 741 legs

238 763 343 864 Iulia,
374 789 464 866 quae
488 763 544 838 lex
574 775 627 836 eat
659 761 704 835 de
735 761 939 836 sacerdotiis
973 764 1150 865 proxima,
1181 765 1236 840 bis

177 990 179 996 A
238 888 369 965 verbis:
397 888 470 990 Qui
490 893 588 989 petit,
615 893 758 962 cuiusve
774 891 864 960 ruu'o
887 884 1079 961 habebitur.
1104 889 1237 992 Aperte

237 1014 387 1115 indicat,
412 1040 516 1116 posse
541 1015 712 1089 rationem
738 1011 858 1086 haberi
888 1013 994 1086 etiam
1024 1038 1100 1089 non
1133 1014 1235 1116 prae·

238 1143 355 1229 sentis.
380 1143 458 1217 Hac
485 1141 530 1216 do
554 1168 592 1216 re
617 1140 741 1241 scripsi
766 1139 811 1212 ad
836 1165 934 1239 eum,
957 1153 998 1212 nt
1021 1154 1083 1215 tuo
1104 1141 1234 1218 indicio

238 1282 411 1368 uteretur,
435 1269 527 1343 sicut
542 1268 580 1339 in
597 1265 700 1340 rebus
726 1262 897 1340 omnibus.
923 1263 1005 1339 Tibi
1030 1279 1148 1341 autem
1163 1257 1234 1343 sta

238 1393 409 1468 tuendum
429 1407 484 1468 est
500 1391 544 1467 de
560 1392 717 1467 Domitio
734 1404 771 1465 et
788 1391 832 1465 de
848 1392 983 1466 Catone
1007 1405 1139 1468 nostro.
1164 1392 1236 1468 Sed

240 1520 398 1621 quamns
429 1518 532 1594 liceat
563 1518 716 1592 absentis
747 1518 919 1592 rationem
943 1516 1080 1618 haberi,
1114 1531 1234 1594 tamon

238 1645 356 1719 omnis
382 1657 465 1720 sunt
495 1643 735 1747 praesentibus
766 1642 929 1718 faciliora.
961 1643 1068 1738 Quod
1100 1645 1130 1720 si
1162 1658 1233 1721 sta·

238 1770 345 1846 tueris
360 1770 399 1845 in
414 1772 532 1846 Asiam
558 1769 624 1844 tibi
649 1768 817 1868 eundum,
841 1769 933 1843 nulla
961 1769 1026 1844 erit
1052 1769 1099 1844 ad
1123 1773 1233 1875 comi·

236 1895 286 1971 tie
314 1912 453 1974 nostros
480 1895 676 1972 arcessendi
711 1895 863 1970 facultas.
903 1896 1080 1995 Omnino,
1116 1896 1230 1972 Pansa

237 2023 339 2124 viro,
370 2024 534 2100 celeriora
573 2025 691 2099 omnin
725 2021 955 2124 putabamus:
988 2022 1106 2097 statim
1138 2024 1232 2098 enim

237 2148 406 2249 collegam
431 2151 496 2225 sibi
522 2150 759 2250 subrogasset:
786 2148 912 2224 deinde
937 2163 1018 2223 ante
1042 2150 1233 2250 praetoria,

235 2276 457 2351 sacerdotnm
489 2278 630 2350 comitia
662 2277 816 2351 lanceat.
849 2274 952 2350 Nunc
983 2301 1047 2376 per
1076 2276 1231 2378 auspicia

235 2397 377 2499 longam
401 2427 538 2477 moram
563 2403 677 2477 video.
708 2403 802 2477 Dum
836 2404 928 2475 enim
954 2426 1044 2474 nnus
1069 2380 1146 2476 eritx
1167 2428 1230 2504 pa·

235 2526 356 2601 tricina
381 2530 617 2627 magistratus,
642 2530 797 2628 auspicia
823 2529 869 2602 ad
893 2542 1010 2630 patres
1027 2526 1140 2602 redire
1156 2552 1229 2602 non

235 2667 393 2753 possunt
423 2653 549 2754 Magna
575 2680 658 2728 sane
684 2656 909 2753 perturbatio.
940 2655 997 2729 Tu
1022 2667 1096 2729 tota
1122 2653 1167 2728 de
1192 2680 1229 2728 re

235 2778 322 2879 quid
345 2780 490 2878 sentias,
516 2781 619 2854 velim
645 2807 700 2854 me
727 2781 832 2855 facias
862 2783 1054 2856 certiorem.
1079 2781 1133 2856 ΠΙ
1157 2779 1229 2856 No·

234 2928 298 2980 nas
323 2906 433 2982 Maias
458 2906 567 2992 [Vale
576 2920 598 2994 1.

688 3203 788 3280 XIII·
983 3243 1206 3306 (arrasa.)

233 3381 453 3462 Argunoeutum.
473 3384 647 3468 Respondet
666 3384 809 3467 epistolae
830 3385 891 3455 XI,
911 3393 941 3444 et
962 3381 1228 3464 reprehensionem

272 3491 383 3551 nimiae
404 3493 433 3550 in
455 3492 487 3549 C.
508 3494 672 3554 Antonium
694 3492 867 3552 clementiae
886 3490 982 3550 diluit.
1002 3489 1120 3560 Monet,
1133 3509 1170 3548 ne
1184 3488 1228 3546 ni·

273 3597 329 3655 mis
350 3595 514 3655 honoribus
537 3598 704 3658 Octaviano
732 3598 896 3657 tribuendis
924 3597 1035 3656 malum
1058 3595 1226 3677 exemplum

273 3701 446 3773 inducatur,
469 3723 530 3785 quo
552 3704 696 3785 reptandi
718 3705 819 3787 cupidi
847 3703 1026 3774 abutantur,
1053 3714 1144 3784 atque
1171 3701 1226 3760 illis

273 3807 314 3867 ita
336 3809 477 3888 regnandi
500 3813 617 3871 occasio
638 3812 745 3883 detur,
766 3811 847 3893 quod
866 3833 895 3872 se
910 3809 1101 3871 vehementer
1123 3811 1225 3870 timere

272 3913 408 3974 ostendit.
