2624 4830
262 422 310 518 44
599 440 770 489 errsrosa
796 439 904 486 occcr.
1037 436 1070 485 Δ.
1083 439 1118 486 v.
1135 439 1164 486 c.
1183 451 1228 501 μ.

317 680 373 733 sa.
389 678 417 732 a
433 677 519 731 aus·
535 676 702 748 resupn-
720 678 750 729 A.
769 677 803 729 v.
820 676 851 729 c
870 631 979 740 cccx,
996 687 1083 727 m
1101 671 1203 726 utrae.

209 945 210 948 η
379 876 558 959 PLANCVS
581 892 664 957 ΙΜΡ.
688 891 773 957 COS.
796 888 882 956 DES.
907 890 937 954 S.
960 885 998 955 D.
1024 888 1131 954 COSS.

346 1011 484 1077 Putes.
510 1009 611 1076 TRIB.
635 1008 744 1074 PLEB.
760 1008 853 1110 ΙΒΕΝ.
878 1005 1047 1114 ΡΟΒἏΡῙ..
1073 1007 1110 1087 Q.
1135 1005 1170 1069 R.

253 1300 256 1311 ’
306 1309 344 1381 si
370 1310 426 1383 cui
444 1307 542 1383 -forte
567 1304 691 1380 videor
715 1304 906 1379 diutiuset
929 1304 1112 1378 bominum
1133 1305 1252 1403 ex'spe-

260 1408 526 1534 ctationem,et
551 1437 649 1532 spem
669 1430 897 1532 reipublicae
916 1428 960 1504 de
979 1455 1054 1504 mea
1072 1429 1251 1502 voluntate

250 1559 412 1633 tenuisse
437 1573 691 1658 suspensam13
716 1555 799 1630 huic
824 1557 920 1657 prius
945 1547 1182 1628 eicusaadum
1199 1572 1253 1625 me
1297 1634 1300 1639 ,

250 1709 335 1764 esse
364 1684 531 1782 arbitror,
559 1668 664 1786 quam
690 1682 734 1757 de
759 1683 988 1782 insequenti³
1014 1681 1132 1759 officio
1158 1682 1252 1783 quic·

261 1835 366 1912 quam
383 1809 442 1884 ulti
460 1807 706 1910 pollicendum.
732 1807 813 1881 Non
830 1808 924 1880 enim
940 1807 1164 1907 praeteritum
1183 1805 1253 1878 cul·

251 1962 342 2037 ‘pam
368 1935 478 2011 videri
503 1935 586 2010 volo
610 1933 798 2008 redemisse
814 1934 845 2032 ³3
869 1934 932 2006 sed
957 1934 1113 2033 optimae
1129 1933 1253 2005 mentis

251 2040 410 2161 'cogitata
424 2063 630 2163 iampridem
645 2075 782 2135 maturo
796 2073 956 2160 tempore
968 2061 1159 2132 enuntiare.
1173 2057 1252 2133 Non

257 2214 314 2260 me
339 2188 569 2289 praeteribat,
593 2189 629 2260 in
648 2200 746 2261 tanta
763 2184 984 2260 solicitudine
1001 2183 1202 2283 bominum,
1219 2196 1252 2255 et

257 2326 330 2386 tam
367 2292 572 2416 perturbato
607 2324 700 2385 statu
733 2290 912 2410 civitatis,
945 2310 1253 2386 fructuosissimam

115 2493 117 2498 ,
249 2462 332 2529 ,esse
364 2437 614 2536 professionem
646 2435 761 2509 bonae
794 2434 1004 2510 voluntatis:
1037 2461 1250 2538 magnosque

160 2665 161 2669 Ἰ
250 2560 408 2639 ¹bonores
424 2587 525 2636 exea
542 2587 580 2636 re
600 2560 827 2661 compluresi
844 2577 1052 2637 consecutos
1079 2561 1251 2637 videbam.

257 2686 344 2786 Sed,
369 2714 476 2789 quum
501 2689 540 2760 in
565 2712 644 2761 eum
665 2714 785 2760 casum
811 2714 868 2761 me
885 2687 1023 2762 fortuna
1041 2687 1255 2784 demisisset,

256 2826 299 2886 ut
323 2826 384 2887 aut
408 2813 567 2888 celeriter
591 2814 807 2914 pollicendo,
833 2840 957 2913 magna
983 2814 1067 2888 mibi
1086 2816 1190 2915 ipse⁵
1207 2813 1252 2885 ad

256 2934 511 3039 proficiendum
537 2941 788 3042 impedimenta
806 2966 1041 3041 opponerem,
1067 2956 1144 3038 aut,
1169 2941 1251 3014 siin
1278 3035 1280 3041 Α

256 3090 299 3139 eo
329 3063 413 3138 mibi
444 3068 728 3167 temperavissem
745 3069 771 3163 ⁶,
796 3067 944 3140 maiores
977 3068 1179 3139 occasiones
1204 3065 1249 3139 ad

255 3190 500 3292 opitulandum
521 3191 705 3266 haberem:
734 3190 931 3292 expeditius
962 3193 1028 3264 iter
1055 3193 1249 3265 communis

253 3317 390 3420 salutis,
422 3346 526 3422 quam
551 3344 650 3393 meae
679 3318 792 3395 laudis
825 3345 901 3393 esse
925 3318 1031 3393 volui.
1053 3318 1148 3393 Nam
1173 3320 1249 3420 quis

252 3442 287 3515 in
314 3468 354 3517 ea
379 3444 518 3527 fortuna
530 3465 557 3545 ⁷,
573 3471 662 3549 quae
680 3472 756 3519 mea
774 3458 845 3544 est,
863 3458 900 3521 et
917 3445 961 3518 ab
979 3471 1018 3518 ea
1038 3446 1107 3518 vita
1122 3500 1132 3544 ,
1147 3470 1250 3547 quam

252 3566 291 3640 in
320 3593 376 3640 me
409 3571 585 3672 cognitam
616 3569 817 3658 bominibus
851 3569 1018 3670 arbitror,
1043 3585 1080 3643 et
1104 3598 1187 3667 cum
1211 3597 1249 3642 ea

254 3716 333 3791 spe,
350 3711 453 3794 quam
469 3697 507 3768 iu
526 3696 685 3772 manibus
702 3696 834 3794 habeo,
851 3711 911 3769 aut
928 3697 1137 3771 sordidum⁸
1156 3699 1251 3799 quic·

193 3890 196 3896 .
255 3843 359 3918 quam
384 3822 475 3921 pati,
500 3837 560 3897 aut
585 3826 821 3925 perniciosum
848 3825 1094 3923 concupiscere
1111 3821 1251 3924 potest?

254 3940 324 4017 Sed
352 3944 573 4049 aliquantum
605 3948 708 4024 nobis
741 3950 925 4050 temporis,
951 3964 987 4022 et
1012 3953 1127 4048 magni
1154 3949 1249 4024 lobo-
