2624 4830
236 413 309 514 298
612 427 783 479 arserunt
807 431 853 480 sn.
1010 428 1041 479 s.
1059 431 1144 481 v.·c.
1162 443 1209 496 μ.

233 537 284 613 Ιίο
307 548 389 611 ante
412 532 562 608 vicisset
592 531 684 606 Nam
708 531 822 607 Pansa
847 532 998 631 fugerat,
1031 531 1232 611 vulneribus

235 663 408 765 acceptia,
433 685 522 762 qnae
540 658 626 734 ferre
643 684 715 732 noa
737 659 863 760 potuit
888 658 1062 760 Reliquias
1079 658 1233 736 hostium

234 791 365 867 Bmtus
383 785 604 889 persequitur
620 799 656 859 et
672 786 808 860 Cacsar.
831 785 959 860 Hostes
977 799 1093 860 autem
1111 811 1233 863 omues

236 914 399 1014 iudicati,
423 914 483 1016 qui
508 912 555 987 M.
580 912 726 987 Antonii
752 925 884 986 sectam
908 913 1017 985 secuti
1044 913 1231 989 suntlta·

236 1066 306 1145 qne
329 1040 367 1114 id
391 1053 531 1115 senatus
557 1037 755 1114 consultum
773 1037 928 1140 plerique
945 1038 1231 1138 interpretantur,

235 1167 342 1243 etiam
367 1166 413 1241 ad
439 1179 537 1265 taos,
560 1165 634 1239 sive
659 1166 840 1266 captivos,
863 1164 937 1238 sive
955 1162 1139 1239 dediticios
1156 1190 1232 1266 per·

234 1293 355 1368 tinam
387 1292 561 1395 Equidem
587 1289 674 1364 nihil
700 1290 845 1366 disserui
872 1288 1008 1388 durius,
1033 1316 1142 1392 qaum
1166 1315 1231 1366 no·

233 1419 392 1493 minatim
411 1417 455 1493 de
472 1419 511 1493 C.
528 1415 684 1492 Antonio
708 1416 949 1516 decernerem,
972 1414 1069 1518 quod
1093 1417 1143 1490 ita
1159 1430 1230 1491 sta-

175 1616 183 1638 ‚
232 1557 387 1643 tueram,
418 1570 438 1618 a
471 1558 506 1618 te
538 1568 750 1643 cognoscere
784 1569 924 1619 eausam
961 1544 1035 1643 eius
1070 1556 1229 1620 senatum

120 1693 125 1706 ¹
232 1683 404 1773 oportere.
430 1669 468 1746 X
493 1669 571 1746 Kal.
596 1670 716 1745 Maias.

691 2067 772 2142 Xfl·
993 2105 1046 2164 (aa
1062 2107 1205 2166 amans)

232 2227 450 2343 Argumentum.
482 2244 594 2306 Scribit
619 2267 637 2305 a
664 2256 768 2306 senatu
799 2245 976 2326 permissam
1006 2263 1068 2304 esse
1102 2241 1227 2304 arbitrio

271 2350 356 2411 Bruti
377 2373 440 2412 rem
463 2351 501 2412 de
521 2351 679 2412 Dolabella
706 2349 929 2434 persequendo,
955 2348 993 2410 de
1018 2368 1114 2432 eaque
1139 2369 1226 2409 suum

271 2456 428 2517 consilium
448 2455 592 2518 ostendit:
613 2456 710 2517 filium
733 2478 820 2517 suum
848 2477 880 2517 se
908 2454 984 2516 velle
1009 2458 1040 2515 in
1066 2454 1226 2538 collegium

270 2561 453 2623 Pontificum
475 2565 626 2623 minorum
649 2562 801 2623 absentem
824 2564 977 2647 cooptari,
997 2559 1088 2643 idque
1107 2583 1164 2644 per
1182 2561 1225 2622 le-

274 2689 325 2752 ges
345 2669 511 2761 Domitiam
533 2680 563 2730 et
583 2670 689 2730 luliam
709 2668 774 2729 fieri
790 2690 876 2752 posse
889 2669 1088 2744 demonstran
1108 2667 1146 2729 de
1166 2686 1226 2750 quo

270 2778 446 2836 sententiam
468 2775 551 2836 Bruti
573 2779 648 2837 scire
669 2778 760 2858 cupit.
1091 2780 1095 2786 “

385 3025 438 3080 ser.
459 3026 553 3080 Rornae
572 3029 600 3078 ll.
620 3026 652 3078 V.
671 3027 699 3079 C.
720 3026 825 3094 nect,
845 3026 883 3079 lll
903 3026 968 3078 Non.
988 3025 1075 3079 Malas.

552 3224 695 3291 CICERO
720 3224 852 3290 BRVTO
879 3224 907 3287 S.

276 3432 317 3504 A.
350 3431 382 3504 d.
410 3431 446 3503 V
474 3431 552 3506 Kal.
588 3432 719 3529 Maias,
752 3456 861 3532 quum
894 3429 938 3502 de
970 3430 1034 3530 iis,
1067 3431 1126 3531 qui
1158 3429 1222 3505 ho·

227 3566 297 3627 stes
322 3556 467 3629 indicati
497 3573 596 3656 sunt,
626 3557 719 3631 bello
752 3555 1000 3657 persequendis
1030 3559 1223 3629 sententiae

228 3677 439 3778 dicerentur,
466 3682 553 3756 dixit
576 3683 740 3757 Servilius
773 3683 877 3756 etiam
904 3682 947 3755 de
974 3682 1159 3778 Ventidio,
1184 3696 1219 3755 et

227 3817 266 3876 ut
291 3806 429 3878 Cassius
458 3823 723 3911 persequeretur
754 3808 980 3882 Dolabellam.
1014 3811 1081 3884 Cui
1114 3837 1221 3910 quum

228 3955 338 4006 essem
363 3959 543 4033 assensus,
576 3935 713 4010 decrevi
740 3934 807 4009 lroc
834 3935 999 4035 amplius,
1031 3951 1070 4009 nt
1104 3951 1141 4010 tu
1149 3993 1159 4032 ,
1192 3943 1220 4011 si
