2624 4830
157 416 205 490 32
471 429 643 482 rrrsrom
671 427 858 480 nccxcvru.
932 423 963 473 a.
980 424 1016 471 v.
1035 423 1065 470 c.
1082 434 1131 484 ,ιο

286 661 340 715 Str.
357 657 497 714 Corduben
510 658 543 712 Δ.
562 656 597 710 V.
613 656 769 736 &DCCL
788 653 861 710 xvn
885 654 945 706 tat.
963 654 1028 724 dpr.

281 861 315 925 G
339 855 491 922 ASINIVS
518 854 695 921 Potito·
728 851 914 919 CICERONI
939 853 969 917 S.
993 851 1032 914 Ι).

212 1075 225 1127 t
255 1048 401 1123 Minimo
425 1044 552 1119 mirum
578 1042 642 1116 tibi
668 1040 807 1115 debet²
832 1040 962 1138 videri,
986 1037 1074 1114 nihil
1100 1065 1155 1111 mc

157 1175 335 1276 scripsisse
361 1170 406 1246 de
429 1197 468 1246 re
492 1167 651 1272 publica,
677 1181 909 1270 posteaquam
932 1168 1021 1240 itum
1038 1180 1094 1243 est
1109 1169 1154 1243 ad

160 1328 265 1376 arma.
297 1297 389 1375 Nam
415 1296 525 1372 saltus
549 1293 831 1393 Castulonensis,
855 1294 915 1395 qui
939 1319 1080 1395 semper
1105 1309 1156 1369 te·

159 1427 238 1500 nuit
259 1439 399 1500 nostros
415 1420 630 1522 tabellarios,
654 1421 721 1495 etsi
743 1445 839 1494 nunc
863 1419 1156 1523 frequentioribus

160 1551 350 1628 latrociniis
374 1548 533 1623 infestior
556 1547 669 1623 lactus
694 1560 764 1645 est3
794 1560 911 1620 tamen
935 1569 1156 1649 nequaquam

159 1690 259 1757 tante
290 1677 328 1750 in
358 1701 456 1750 mora
481 1688 535 1749 est
550 1675 577 1773 ⁸,
601 1686 749 1775 quanta,
782 1673 842 1773 qui
873 1670 960 1747 locis
994 1675 1157 1749 omnibus

160 1803 322 1905 dispositi
347 1800 391 1876 ab
416 1815 563 1904 unaque
587 1798 715 1901 portel
732 1811 932 1872 scrutantur
956 1798 1155 1876 tabellarios

159 1942 198 2005 et
220 1930 380 2006 retinent.
413 1929 538 2030 ltaque
568 1926 636 2000 nisi
661 1950 751 1998 nave
778 1923 933 2026 perlatae
957 1924 1080 2001 literae
1104 1954 1157 2002 es-

158 2070 248 2158 sent,
263 2057 408 2132 omnino
424 2055 609 2152 nescirem,
626 2052 712 2156 quid
728 2054 808 2126 istic
826 2054 933 2125 fieret
951 2051 1057 2127 Nunc
1074 2081 1157 2129 vero

158 2197 284 2257 nactus
306 2182 542 2278 occasionem,
566 2193 795 2281 posteaquam
813 2178 972 2279 navigari
990 2193 1154 2282 coeptum

161 2321 232 2405 est,
255 2306 479 2408 cupidissime
504 2320 541 2379 et
565 2330 670 2408 qnam
695 2304 903 2379 creberrime
924 2318 1062 2406 potem,
1078 2308 1158 2382 scri·

160 2429 245 2505 bam
270 2430 317 2506 ad
340 2446 387 2506 te.
1048 2512 1051 2516 .

213 2585 235 2631 a
260 2556 314 2631 Ne
339 2559 513 2632 movear⁵
538 2558 611 2631 eius
637 2544 872 2657 sermonibus¹,
897 2584 1002 2660 quem
1019 2560 1156 2634 tametsi

161 2707 267 2756 nemo
299 2697 371 2781 est,
402 2684 463 2786 qni
490 2683 644 2758 videre⁶
668 2682 770 2782 velit,
796 2698 912 2758 tamen
937 2709 1156 2788 nequaquam

160 2808 328 2909 proinde,
353 2835 394 2883 ac
419 2809 545 2908 dignus
573 2824 643 2909 est,
675 2810 826 2884 oderunt
858 2810 1035 2908 homines,
1068 2814 1157 2913 peri·

159 2933 277 3007 culum
303 2959 375 3008 non
402 2949 465 3009 est
490 2935 587 3009 Adeo
620 2951 674 3010 est
705 2937 799 3009 enim
831 2937 964 3010 invisus
991 2937 1094 3036 mihi,
1118 2953 1156 3011 nt

159 3058 273 3132 nihil?
291 3085 364 3134 non
388 3060 552 3135 acerbum
578 3075 717 3162 putem,
742 3061 839 3164 quod
864 3087 1052 3139 commone
1078 3093 1154 3140 cunr

159 3184 220 3260 illo
244 3187 300 3260 sit.
325 3186 458 3262 Natura
484 3202 600 3262 autem
626 3214 703 3262 mea
728 3203 765 3262 et
789 3188 905 3263 studia
932 3187 1077 3266 trahunt
1101 3220 1154 3265 me

160 3310 207 3384 ad
230 3313 328 3413 pacis
344 3326 382 3386 et
396 3311 566 3388 libertatis
584 3312 821 3416 cupiditatem.
848 3318 972 3420 Itaque
989 3316 1078 3392 illud
1093 3318 1155 3391 ini·

159 3437 246 3511 tium
264 3437 375 3513 civilis
395 3438 510 3514 belli⁸
536 3466 640 3542 saepe
665 3439 803 3517 deflevi.
828 3444 948 3536 Quum
973 3469 1060 3519 vero
1084 3466 1154 3518 non

160 3561 279 3637 liceret
303 3565 389 3639 mihi
413 3565 542 3640 nullius
566 3568 710 3667 partire
734 3593 825 3668 esse,
860 3570 941 3671 quia
970 3569 1155 3673 utrobique

159 3714 306 3787 magnos
330 3690 490 3765 inimicos
506 3691 696 3791 habebam,
721 3719 762 3767 ea
780 3709 893 3769 castra
910 3695 1000 3795 fugi,
1024 3697 1063 3769 in
1082 3694 1154 3799 qui-

159 3813 226 3887 bus
246 3813 350 3915 plane
367 3830 483 3891 tutum
506 3844 563 3891 me
588 3819 632 3892 ab
656 3819 792 3896 insidiis
807 3822 939 3896 inimici
953 3820 984 3875 ²⁰
1002 3821 1153 3896 sciebam

159 3965 231 4014 non
256 3940 418 4018 sutorum.
444 3943 654 4045 compulsus
679 3972 722 4021 eo
741 3962 783 4048 ¹¹,
807 3973 878 4052 quo
902 3948 1046 4031 minime
1064 3946 1154 4023 vole·
