2624 4830
229 432 299 507 292
596 425 765 476 errarunt
791 429 820 474 x.
1004 426 1033 472 a.
1051 427 1086 474 v.
1103 427 1131 473 c.
1149 438 1197 489 7¹·

228 530 351 606 Fidem
385 528 476 603 enim
507 528 690 603 consulum
715 553 787 602 nen
813 526 1108 628 condemnabam,
1132 553 1221 631 quae

119 702 122 707 ·
226 671 387 760 suspecta
414 653 638 730 vehementer
662 669 745 730 crat.
770 653 1017 728 Desiderabam
1043 653 1220 733 nonnullis

224 785 262 859 in
278 783 382 860 rebus
399 784 619 886 prudentiam
646 798 682 857 et
707 781 934 857 celeritatem:
959 809 1026 885 que
1053 783 1082 856 si
1105 798 1221 888 essent

225 911 295 1012 uei,
310 911 517 1014 iampridem
536 909 800 1012 rempublicam
811 936 1121 1011 recuperasscmus.
1139 892 1220 988 Nou

225 1038 317 1112 enim
343 1039 499 1138 ignoras,
523 1051 652 1141 quanta
678 1050 854 1110 momenta
881 1037 952 1109 sint
970 1036 1004 1108 in
1022 1062 1059 1109 re
1078 1034 1219 1136 publica

224 1177 441 1265 temporum3
465 1177 502 1238 et
526 1162 611 1266 quid
634 1163 788 1259 intersit,
813 1161 905 1234 idem
923 1161 1008 1234 illud
1026 1174 1143 1234 utram
1161 1187 1237 1235 aar

225 1302 279 1388 te,
304 1315 347 1362 aa
374 1304 456 1391 post
481 1282 703 1388 decernatur,
728 1291 950 1387 suscipiatur,
975 1301 1105 1388 agatur.
1132 1289 1218 1361 Om-

224 1416 301 1524 nia,
318 1441 407 1518 quae
424 1392 543 1490 severe
561 1415 699 1489 decreta
717 1429 798 1489 sunt
815 1415 883 1489 boc
901 1413 1070 1513 tumultu,
1095 1414 1122 1488 si
1142 1429 1215 1513 aut,

224 1566 294 1645 quo
320 1541 377 1617 die
403 1541 473 1625 dixi
499 1543 723 1641 sententiam,
748 1541 898 1644 perlecta
926 1557 1059 1641 essent,
1083 1557 1119 1614 et
1144 1567 1215 1614 non

222 1668 258 1741 iu
285 1667 378 1741 diem
407 1694 450 1741 ex
482 1667 538 1741 die
571 1667 694 1765 dilata,
726 1683 786 1746 aut
811 1693 881 1779 quo
908 1694 950 1740 ex
975 1681 1133 1768 tempore
1160 1695 1217 1741 su·

222 1807 342 1896 acepta
368 1808 451 1867 sunt
473 1808 514 1867 ut
539 1809 737 1894 agerentur,
762 1819 833 1866 non
855 1793 988 1867 tardata
1016 1809 1052 1866 et
1078 1820 1217 1893 procra-

222 1921 367 2019 stinata,
390 1919 519 1994 bellum
545 1921 613 1993 iam
647 1919 779 1993 nullum
815 1918 1029 1996 haberemus.
1066 1919 1216 2018 Omnia,

220 2047 347 2155 Brute,
372 2050 528 2148 praestiti
554 2049 601 2122 rei
629 2047 807 2147 publicae,
838 2073 926 2150 quae
955 2059 1130 2147 praestare
1156 2045 1216 2117 de·

220 2173 299 2249 bult
321 2178 368 2273 ia,
394 2178 453 2277 qni
478 2189 570 2250 esset
595 2177 632 2248 in
658 2201 714 2274 eo,
739 2175 780 2264 in⁴
802 2200 871 2276 quo
890 2199 954 2271 ego
972 2198 1066 2269 sum,
1091 2171 1216 2272 gradu,

221 2315 364 2384 senatus
389 2301 581 2403 populique
606 2301 736 2375 iudicio
754 2299 959 2374 collocatus:
984 2325 1049 2372 nec
1065 2297 1123 2371 illa
1139 2323 1215 2373 mo·

220 2424 286 2526 do,
310 2452 399 2528 quae
425 2429 588 2512 nimirum
612 2427 685 2514 sola
712 2426 755 2511 ab
780 2426 921 2500 homine
938 2439 1020 2499 sunt
1036 2423 1215 2526 postulan-

219 2550 280 2651 da,
303 2553 427 2651 fidem,
451 2553 683 2654 vigilantiam,
708 2554 841 2654 patriae
859 2555 1056 2626 caritatem:
1073 2577 1114 2624 ea
1131 2565 1213 2625 sunt

218 2679 328 2778 enim,
355 2707 443 2781 quae
468 2707 573 2754 nemo
599 2694 669 2778 est,
694 2682 752 2781 qui
778 2706 850 2754 non
876 2693 1052 2781 praestare
1078 2679 1212 2751 debeat.

216 2807 294 2905 Ego
321 2821 436 2893 autem
464 2809 512 2907 ei,
545 2809 603 2910 qui
629 2808 959 2913 senteutiam0dicat
984 2809 1021 2888 in
1046 2807 1213 2908 principi-

215 2932 283 3012 hus
310 2934 353 3006 de
378 2961 415 3007 re
442 2933 598 3034 publica,
631 2950 717 3034 puto
743 2936 848 3007 etiarn
882 2935 1103 3035 prudentiam
1136 2957 1211 3005 esse

89 3095 92 3108 ·
216 3060 473 3161 praestandam:
498 3088 563 3135 nec
590 3088 660 3161 me,
686 3089 793 3164 quum
819 3061 903 3134 mihi
930 3075 1066 3139 tantum
1085 3084 1213 3132 sumsea

215 3187 300 3290 um,
325 3205 363 3262 ut
389 3189 619 3294 gubernacula
647 3191 695 3263 rei
722 3189 881 3289 publicae
902 3187 1125 3295 pranderem,
1151 3186 1212 3255 mi,

214 3341 280 3390 nus
298 3319 449 3418 putarim
469 3315 813 3418 reprehendendum,
838 3318 866 3390 sl
892 3313 1058 3398 inutiliter
1081 3310 1212 3414 aliquid

214 3445 350 3517 serratui
376 3446 559 3547 suaserim,
592 3472 695 3553 quam
729 3447 757 3531 si
788 3442 981 3528 infideliter.
1007 3443 1095 3529 Acta
1122 3464 1211 3541 quae

213 3569 302 3667 siut,
327 3596 485 3672 quaeque
512 3584 675 3670 agantur,
709 3572 782 3646 scio
808 3569 974 3671 perscribi
1001 3567 1047 3649 ad
1073 3581 1106 3639 te
1133 3564 1211 3639 dili-

213 3707 343 3792 genter.
379 3699 434 3774 Ex
459 3723 516 3769 me
541 3712 660 3775 autem
688 3697 775 3774 illud
807 3713 877 3797 est,
908 3696 1004 3798 quod
1037 3709 1072 3767 te
1107 3685 1210 3765 velim

212 3818 341 3894 habere
365 3823 560 3921 cognitum,
577 3850 691 3896 naeum
712 3825 852 3926 quidem
872 3826 1024 3896 animum
1043 3823 1078 3893 in
1098 3821 1210 3893 aciem

213 3974 302 4045 esse;
319 3973 431 4050 neque
449 3963 644 4050 respectum
665 3950 770 4024 ullnrn
791 3978 969 4052 quaerere,
988 3949 1053 4023 nisi
1073 3975 1128 4022 rue
1148 3947 1212 4018 uti-
