2624 4830
240 416 288 489 38
567 428 737 477 rasarone
762 425 913 474 necxesx.
1015 421 1046 471 s.
1064 422 1100 473 r.
1117 424 1147 474 e.
1165 433 1211 484 ,ιο

629 652 855 728 DCCllCIX.
994 692 1040 749 (u
1055 690 1109 739 m„
1125 690 1210 749 ¹2⁶)

240 840 459 918 Argumentum.
482 832 629 893 Hortatur
649 831 812 901 Plancum,
838 839 873 889 ut
899 810 1034 909 emungat
1055 845 1086 887 se
1105 846 1125 887 a
1145 827 1235 887 mle·

281 957 341 1006 tate
360 943 528 1011 malorum,
546 958 713 1021 pedemque
733 956 794 996 non
814 937 847 995 in
866 935 958 994 armis
977 935 1101 1016 positis,
1127 929 1180 993 sed
1206 935 1234 993 iu

280 1050 398 1131 abiecto
417 1066 574 1109 armorum
594 1054 625 1105 et
644 1044 796 1105 servitutis
817 1051 901 1102 metu
920 1050 1054 1122 quaeret

362 1271 429 1325 ea„
446 1270 541 1323 sm
559 1271 589 1322 s.
607 1267 641 1322 v,
658 1267 687 1322 e
708 1266 814 1333 nccn,
832 1264 895 1319 rur
914 1263 973 1316 nu
993 1263 1101 1334 spinas

575 1460 719 1529 cicero
746 1462 903 1529 PLANCO

292 1654 392 1752 Quae
416 1656 555 1729 locutus
572 1668 627 1728 est
642 1650 793 1727 Furnius
817 1664 938 1726 noster
963 1650 1008 1724 de
1032 1652 1152 1725 animo
1177 1665 1236 1724 tuo

91 1848 94 1855 .
241 1784 279 1856 in
304 1809 377 1857 rem
403 1781 598 1884 publicam,
626 1806 667 1855 ea
693 1779 887 1878 gratissima
922 1774 1061 1852 luemnt
1085 1780 1239 1876 senatui,

242 1908 448 2012 populoque
462 1926 473 1960 ¹
493 1910 652 1982 Romano
669 1905 923 2008 probatissima.
943 1907 1043 1997 Quae
1060 1919 1180 1979 autern
1191 1931 1241 1980 re·

243 2036 373 2110 citatae
388 2036 511 2110 literae
526 2049 610 2109 sunt
620 2051 637 2084 ²
653 2037 691 2108 in
708 2047 847 2131 senatu,
861 2056 1084 2133 nequaquam
1098 2054 1240 2106 consen

110 2165 117 2183 ⁸
243 2160 310 2234 tire
335 2186 415 2234 cum
440 2163 563 2236 Furnii
595 2163 756 2236 oratione
780 2160 877 2232 visse
900 2171 993 2231 sunt.
1016 2159 1122 2231 Pacis
1146 2159 1239 2231 enim

243 2299 367 2358 aurmr
384 2308 461 2358 eras
472 2287 499 2385 ⁸,
516 2312 624 2386 quum
641 2287 773 2383 collega
789 2299 888 2383 tuus,
905 2285 961 2358 vir
976 2278 1206 2385 clarissimus,
1220 2309 1239 2357 a

242 2404 450 2484 foedissimis
467 2406 662 2485 latronibus
684 2410 917 2485 obsideretur:
943 2410 1001 2512 qui
1028 2424 1090 2483 aut
1115 2411 1238 2512 positis

244 2536 349 2609 armis
380 2562 506 2636 pacem
538 2552 659 2640 petere
691 2535 842 2636 debent,
874 2553 951 2637 aut,
982 2538 1012 2611 si
1043 2553 1239 2640 pugnantes

242 2685 321 2735 eam
345 2662 542 2764 postulant,
575 2666 721 2740 victoria
743 2692 821 2767 ,pax
833 2721 843 2764 ,
875 2690 948 2738 non
980 2666 1146 2766 pactione
1177 2691 1239 2768 ps-

242 2787 364 2861 rienda
396 2803 459 2862 est
491 2789 562 2864 Sed
589 2791 635 2865 de
659 2817 748 2894 paee
779 2790 899 2865 literae
924 2790 982 2865 vel
1004 2789 1152 2892 Lepidi,
1183 2789 1240 2866 rel

244 2923 337 3011 usae,
362 2940 466 3016 quam
484 2917 521 2990 in
537 2933 674 3020 partem
691 2919 964 3019 aooeptaesint,
987 2943 1030 2991 ex
1054 2919 1239 3020 viroupti·

242 3056 321 3138 mo,
347 3039 453 3115 lratre
477 3056 538 3118 tuo
553 3043 581 3144 l,
605 3060 641 3118 et
665 3071 709 3119 ex
732 3047 771 3120 C.
796 3044 931 3119 Furnio
954 3045 1086 3145 poteris
1111 3066 1239 3145 cogno

244 3186 347 3238 seete.
382 3166 441 3239 lde
473 3180 589 3244 autem
615 3170 754 3272 impulit
778 3171 829 3244 tui
856 3172 998 3270 canus,
1030 3182 1086 3267 ut,
1117 3192 1239 3274 quam

244 3316 348 3390 mam
375 3292 530 3368 necubi
560 3296 628 3398 ipsi
656 3294 838 3372 consilium
872 3292 1025 3396 deesset,
1056 3309 1093 3370 et
1125 3294 1238 3371 fratris

244 3412 435 3520 Furniique
473 3420 709 3498 benivolentia
740 3422 921 3525 fidelisque
957 3422 1144 3524 prudentia
1176 3420 1238 3497 tibi

245 3557 387 3636 praesto
413 3561 505 3620 esset
529 3548 661 3649 futura,
685 3549 811 3624 vellem
835 3562 953 3623 tamen
975 3574 1087 3622 meae.
1100 3573 1238 3652 quoque

246 3668 483 3770 auctoritatis,
506 3699 572 3773 pro
594 3673 751 3776 plurimis
767 3675 894 3749 nostris
910 3673 1239 3772 necessitudinibus,

246 3807 475 3892 praeceptum
500 3797 545 3871 ad
572 3814 606 3872 te
631 3799 773 3903 aliquod
790 3801 980 3900 pervenire
1005 3798 1120 3874 Crede
1135 3801 1239 3900 igitur

243 3913 349 4014 milri,
373 3917 502 3997 Plance
520 3926 545 4024 ⁵,
569 3949 708 4024 ornnes,
733 3951 822 4027 quos
847 3925 962 4000 adbuc
984 3926 1111 4025 gradus
1127 3918 1238 4024 digni·
