2624 4830
159 385 234 477 488
526 400 785 453 truortrronre

200 518 305 569 eantur
324 504 407 588 illae,
426 524 504 587 quae
523 525 572 565 rea
593 515 688 586 gestas
702 504 903 565 Romanorum
917 503 1083 565 continent
1095 507 1170 564 aeri-

177 627 272 699 pua
293 614 397 677 Horat
416 613 479 675 tre
500 612 584 674 Pou.
605 633 632 673 v.
656 608 730 673 αδδς

324 773 373 826 vet
390 774 436 844 qui
453 780 612 844 praetentu,
630 771 670 825 rel
688 771 733 842 qui
751 769 862 824 docuere
879 778 985 841 togatae.

198 941 368 1024 ibidemque
388 951 445 1002 vet.
467 939 580 1001 Sobel:
601 940 822 1001 Praetexmtam
841 937 967 1022 paridam
980 938 1091 1000 dieunt
1103 952 1165 1000 tm·

195 1047 351 1131 paediam,
372 1046 557 1110 oomoediam
576 1060 675 1108 autem
694 1058 840 1126 mgataru,
860 1045 1062 1128 quiescitur
1074 1067 1165 1129 prue-

197 1157 318 1220 uniatis
338 1154 541 1217 indueremur
555 1154 738 1237 praetextati
764 1153 833 1227 viri,
859 1153 924 1214 rell.
949 1154 1162 1234 magistrum-r,

198 1265 230 1325 ia
242 1263 347 1346 togatis
357 1263 468 1346 pnbati
481 1263 621 1324 lontines.
643 1260 720 1322 Vide
741 1263 771 1321 in
791 1258 850 1321 fine
870 1259 1021 1343 epistolae.
1042 1261 1161 1322 Desuo

198 1370 317 1447 itinere,
342 1369 401 1431 rid.
428 1391 494 1453 epp.
518 1368 730 1447 cccxxxlt,
753 1368 794 1446 3,
819 1367 1040 1446 cccxxxiv,
1066 1387 1104 1448 2,
1129 1380 1160 1430 et

197 1476 400 1553 ccchvlt,
426 1495 449 1536 r.
468 1475 523 1537 Ad
547 1475 583 1536 L.
608 1475 763 1536 hamdan
786 1492 904 1556 procos.
929 1474 1159 1555 mlieitaudrm

197 1594 233 1644 ut
251 1582 428 1665 Pompeium
449 1580 606 1644 desereret.
632 1581 689 1641 Hie
708 1581 743 1643 1..
764 1580 853 1641 Corn.
876 1579 1038 1660 Lenttrlua,
1062 1584 1159 1663 inquit

197 1690 365 1768 Manutius,
384 1688 487 1750 consul
507 1692 603 1772 primo
624 1687 714 1749 civilis
733 1686 804 1749 belli
823 1708 901 1749 anno
920 1687 1104 1771 Pompeium
1124 1711 1159 1752 er

197 1796 273 1858 urbe
302 1798 464 1878 fugientem
489 1807 607 1858 secutus
637 1806 700 1874 eat,
725 1806 756 1856 et
780 1815 849 1855 eum
876 1816 913 1856 eo
939 1797 970 1856 in
994 1797 1157 1857 Graeciam

196 1906 323 1966 tronaiit.
338 1904 385 1965 td
406 1926 474 1966 eum
494 1906 592 1988 priua,
615 1923 706 1984 quam
727 1902 811 1963 ltalia
830 1901 965 1981 eederet,
984 1901 1035 1964 hie
1055 1916 1158 1965 noster

196 2012 306 2074 Balbus
320 2033 388 2074 eum
402 2013 507 2090 literis,
528 2032 596 2072 eum
610 2009 772 2089 mandatis,
791 2031 859 2070 eum
873 2012 1069 2092 promissione
1083 2033 1156 2095 pro·

194 2123 323 2200 unciae,
342 2123 366 2182 ti
386 2120 512 2183 Romam
533 2119 581 2180 ille
601 2120 782 2200 revertiuet,
802 2138 821 2178 a
841 2116 968 2178 Caesare
981 2120 1090 2178 missua
1104 2130 1156 2179 eat

161 2248 196 2290 ιο
217 2230 321 2308 Quum
341 2226 444 2288 fabula
457 2237 608 2311 ageretur,
628 2224 724 2304 ssevit,
746 2227 839 2307 iieque
858 2223 986 2284 lacrimis
999 2224 1158 2304 indioarit,

195 2347 307 2417 quanto
327 2335 474 2413 Caemda,
495 2346 584 2416 atque
599 2334 674 2395 adeo
689 2335 804 2410 tyranni
822 2331 969 2394 desiderio
990 2342 1156 2396 teneretur.

177 2442 263 2502 lion
283 2441 452 2523 indignatur
471 2442 578 2503 Pollio.

160 2570 191 2610 rr
216 2550 283 2610 scit.
310 2550 387 2611 ludis
414 2549 640 2633 gladiatoribus,
666 2559 701 2609 ut
726 2551 783 2608 iam
812 2569 879 2632 epp.
902 2547 1006 2608 xxvi
1035 2549 1098 2609 init.
1126 2560 1156 2609 et

195 2657 352 2738 CCLlllV,
372 2657 401 2717 5.
422 2657 523 2738 Vulgo
544 2657 614 2717 olim
632 2656 830 2738 gladiatoriis.
850 2657 922 2716 Mox
943 2656 965 2714 l.
981 2656 1016 2715 F.
1032 2657 1155 2716 Grono-

194 2764 259 2822 vius
274 2762 441 2843 corrigebat
453 2764 491 2822 ob
506 2763 636 2823 Fadium
642 2786 654 2833 ‚-
675 2775 711 2823 ut
730 2784 830 2824 seusus
848 2773 1009 2839 constaret,
1029 2773 1157 2845 propter·

195 2889 245 2951 eu,
265 2889 342 2950 quae
355 2879 534 2950 sequuntur:
559 2869 668 2930 Gallos
681 2871 791 2952 equites
803 2871 930 2929 immisit.
952 2866 1031 2929 Male
1046 2890 1085 2929 ex
1099 2891 1157 2929 suo

194 2974 260 3036 cod.
282 2978 368 3035 Titui
388 2977 503 3059 Popma
522 2976 655 3037 Fadium
675 2976 787 3039 obierit.
809 2979 872 3036 Non
888 2977 965 3036 enim
981 2979 1020 3034 ita
1031 2975 1155 3055 gladiu-

179 3081 320 3157 toeibus,
340 3095 374 3145 ut
394 3083 508 3164 bestiis,
521 3083 738 3145 obiiciebantur
752 3084 902 3162 homines,
916 3094 949 3143 ut
962 3085 1081 3142 monuit
1094 3085 1154 3142 iam

192 3191 216 3252 l.
237 3191 272 3252 F.
295 3192 472 3252 Gronoviut.
503 3202 688 3257 Ἁναιοὸλουθον
717 3203 798 3253 recte
823 3190 872 3251 hie
892 3189 965 3250 vidit
989 3189 1155 3249 Emestiui.

176 3298 321 3362 Milium
344 3303 574 3382 pompeiamcm,
600 3321 689 3381 quem
717 3311 874 3383 propterea
900 3297 1006 3358 oderat
1032 3296 1154 3357 Balbtu.

178 3407 357 3492 Depressum
384 3410 415 3470 in
439 3408 561 3480 ludam,
589 3411 617 3467 in
645 3429 764 3468 arenam
795 3406 960 3487 deductus,
986 3425 1066 3485 quae
1092 3405 1154 3465 scil.

191 3515 291 3595 paullo
311 3515 487 3597 profundior
509 3527 587 3591 erat,
607 3536 698 3597 quom
712 3513 808 3573 solum
822 3515 1052 3573 circumiectum.
1076 3511 1155 3569 lline

192 3618 251 3682 sal.
273 3622 341 3689 Cat.
357 3621 398 3682 55
407 3643 413 3680 :
434 3623 533 3683 Luem
553 3625 670 3683 circiter
688 3614 760 3681 XII
773 3620 865 3701 pedes
878 3619 961 3679 lurmi
973 3617 1152 3699 depressus,-

191 3737 221 3786 et
240 3728 352 3786 Lueun.
374 3727 477 3788 Phara.
499 3729 557 3811 Vl,
577 3729 652 3791 505:
674 3730 790 3790 Phoebe
807 3749 909 3789 semaa
923 3739 1011 3787 cautu
1031 3723 1155 3806 depres-

189 3852 241 3906 sa,
267 3833 325 3892 hoe
352 3845 410 3917 est,
437 3834 507 3895 luna
533 3837 617 3898 coelo
644 3836 772 3897 deducta
793 3839 823 3896 in
844 3848 963 3896 terram.
989 3830 1068 3893 lllale
1096 3853 1153 3892 no-

189 3941 240 3999 stri
262 3938 374 4021 aliquot
386 3939 582 4025 deprehensru
592 3990 602 4018 ,
623 3932 670 4003 iet
690 3942 887 4025 depraeruus,
909 3953 938 4002 et
959 3962 976 3999 a
997 3959 1015 3998 n
1038 3960 1077 3998 m.
1100 3938 1154 3997 de-

185 4067 306 4127 pmrus
326 4061 376 4109 ert.
398 4051 477 4111 Tum
497 4054 609 4132 gratis,
623 4051 651 4112 h.
668 4075 693 4112 e.
708 4054 823 4113 virtutis
838 4046 1037 4111 ostendendae
1053 4067 1153 4107 carisa
