2624 4830
932 386 941 401 0

475 419 509 466 m
535 419 714 469 errsroms
1009 403 1086 504 l⁸l

129 533 159 581 et
171 520 256 580 Corr.
269 521 300 580 in
313 517 544 600 qinaordeeim.
566 520 799 597 Quatuordecim
814 524 1018 587 subselliorum
1032 550 1082 590 or·

130 627 212 688 dines
232 625 320 709 (file,
342 625 479 706 gradiri,
505 626 606 708 gallice
626 633 734 711 mags)
754 629 922 693 hominibus
942 639 1083 716 equestris

129 737 276 817 dignitatis
293 736 568 816 assignavitBalbus
588 740 617 796 in
639 737 755 799 theatro
777 739 938 824 Gaditano,
961 764 1083 806 consue-

130 845 260 905 tudinem
278 844 381 904 theatri
395 846 520 904 Romani
535 848 670 906 imitatus.
688 849 792 908 Ascon.
807 848 842 928 L.
857 851 981 910 Roscius
1005 850 1082 912 Otto

128 955 219 1033 legem
233 953 315 1030 tulit,
329 966 360 1013 ut
372 954 402 1014 in
415 955 524 1014 theatro
538 955 681 1036 equitibus
703 957 786 1016 Runa.
801 957 1022 1039 quatuordecim
1035 981 1084 1022 or·

126 1061 211 1123 dines
231 1061 385 1143 spectnadi
401 1063 500 1143 gratia
519 1061 667 1124 domntrtr.
690 1063 727 1122 Hi
749 1076 847 1125 autem
866 1067 985 1128 ordines
999 1079 1084 1129 erent

127 1182 194 1252 post
219 1169 416 1250 orchestram,
438 1191 473 1230 ex
495 1192 554 1251 qua
575 1172 762 1249 magistratus
782 1185 989 1256 senatoresque
1016 1196 1083 1258 spe-

127 1277 263 1360 ctabant,
283 1290 317 1337 ut
337 1299 374 1337 ex
395 1276 449 1338 loc.
471 1280 518 1338 eit
541 1278 669 1338 Svetonii
691 1279 844 1361 colligitur.
870 1281 919 1340 Ex
939 1281 1083 1343 hocloco

127 1385 296 1445 Maeocbius
316 1388 346 1444 iu
367 1384 473 1467 Amph.
494 1386 597 1467 Cnmp.
613 1407 641 1468 p.
660 1406 713 1466 127
730 1390 817 1446 etiam
833 1392 945 1470 equites
964 1393 1084 1471 provin-

127 1492 229 1568 ciales,
248 1514 285 1554 ne
306 1493 377 1552 dum
399 1494 549 1553 Romanos
563 1496 705 1554 exstitisse
719 1494 836 1556 adserit
856 1496 929 1557 Mox
942 1496 1028 1557 amb.
1047 1495 1083 1557 15
1179 1527 1185 1536 ·

127 1614 168 1660 tot
185 1602 263 1659 enim
282 1599 424 1680 effecerat.

86 1731 104 1787 7
126 1709 159 1767 ln
179 1708 279 1768 multis
300 1711 462 1790 municipiis
486 1710 675 1790 Quntuorviri
694 1731 843 1770 summum
862 1711 1006 1792 gerebant
1022 1730 1084 1772 ma·

125 1818 296 1897 gistratum,
317 1829 351 1877 ut
370 1819 484 1877 Romae
505 1816 653 1876 consules:
675 1816 722 1877 alii
743 1838 813 1877 vero
835 1816 1010 1879 dicebantur
1022 1819 1084 1879 De·

125 1926 274 2004 rumores,
294 1927 346 2005 qui
366 1926 480 1984 Romae
500 1925 656 1984 Senatores
678 1924 770 2001 (Vide
794 1946 871 2006 quae
896 1926 1023 1987 diximus
1042 1925 1082 1986 ad

124 2054 170 2116 ep.
192 2032 425 2111 ccctxxtx).
449 2031 601 2091 interdum
622 2042 722 2092 tamen
748 2043 832 2092 erant
850 2032 1014 2107 duumviri,
1036 2037 1083 2095 in·

125 2141 242 2201 terdum
275 2142 367 2201 sevini.
388 2139 466 2200 Vide
493 2139 602 2199 Thom.
629 2140 743 2199 lleines.
771 2160 817 2220 ep.
838 2132 942 2198 xxxl
962 2138 1002 2199 ad
1021 2142 1084 2201 Ru·

123 2259 196 2330 pert.
220 2248 325 2307 Graev.
345 2250 426 2307 Tum
444 2247 626 2327 prorogavit,
647 2256 681 2305 ut
701 2245 809 2305 Caesar
828 2245 883 2305 sibi
901 2245 1081 2309 dictaturam

124 2359 245 2417 Romae.
270 2355 395 2416 Comitia
415 2355 524 2414 biemaii
536 2354 626 2414 biduo
639 2354 758 2429 babuit,
780 2353 838 2414 lroc
851 2364 909 2435 est,
930 2356 1084 2436 magistra·
1153 2402 1156 2407 .

124 2475 171 2523 tus
192 2462 353 2522 Gaditanos
375 2462 504 2520 duorum
527 2481 672 2520 annorum
694 2464 873 2520 renuntiavit
886 2460 1004 2521 duobus
1018 2460 1081 2522 die·

123 2569 195 2651 bus,
216 2570 348 2630 Caesaris
369 2567 520 2650 exemplo,
541 2571 592 2648 qui
615 2566 653 2626 ad
674 2566 890 2648 expeditionem
911 2565 1082 2627 Parthicam

122 2677 309 2758 proiecturus
330 2676 463 2736 consules
483 2678 598 2735 Romae
619 2677 648 2734 in
670 2678 826 2735 triennium
848 2674 1060 2754 designaverat.

83 2783 102 2846 8
124 2785 211 2845 Haud
233 2804 316 2845 secus
337 2795 426 2864 atque
448 2784 573 2859 Caesar,
593 2785 644 2864 qui
665 2783 808 2865 Pompeia
834 2782 899 2864 lege
926 2780 1081 2840 damnatos

123 2913 239 2973 omnes,
259 2902 378 2973 praeter
397 2890 554 2969 Milonem,
575 2890 643 2949 urbi
657 2893 791 2950 restituit.
812 2890 882 2950 Non
895 2890 1000 2949 borum
1013 2899 1083 2947 tem·

119 3021 244 3082 ponam,
266 3021 326 3061 non
347 2998 462 3060 exsules
484 2998 592 3059 horum
613 3009 797 3078 temporum,
818 3000 869 3078 qui
890 2995 976 3079 culpa
1004 2996 1081 3056 forte

122 3119 240 3183 vacant,
260 3119 349 3189 atque
372 3106 448 3167 adeo
468 3109 544 3166 iuste
566 3108 697 3165 revocari
719 3114 850 3187 possunt.
875 3103 977 3184 Quart.
992 3103 1081 3161 ·Tum

127 3212 210 3273 Varo
229 3236 328 3295 prae,
348 3214 428 3274 hunc
449 3214 564 3274 Varum
586 3212 744 3292 Hispaniae
764 3208 970 3292 proconsulem
991 3226 1080 3268 nemo

123 3325 316 3402 interpretum
338 3324 434 3395 norit,
459 3341 514 3378 nec
540 3340 600 3399 quo
623 3330 756 3400 tempore
776 3327 894 3377 senatus
915 3313 1081 3373 Gaditanus

122 3428 287 3488 trucidatus
314 3439 376 3503 est,
402 3447 458 3486 nec
483 3428 535 3507 qui
556 3424 670 3486 exsules
697 3446 715 3483 a
742 3422 836 3484 Balbo
863 3420 978 3481 reducti
1004 3431 1080 3481 sunt.

122 3536 208 3596 Amb.
235 3535 270 3596 15
291 3537 384 3596 Sexto
410 3533 552 3615 Varoque
572 3531 756 3593 consulibus:
778 3534 885 3612 inepte.

81 3664 103 3724 9
123 3643 205 3703 ldern
222 3645 306 3704 nmo.
327 3642 362 3704 15
375 3644 512 3724 exemplo
525 3641 608 3722 fecit.
631 3641 704 3699 Mox
715 3651 902 3722 praetextam
915 3669 955 3681 —
965 3634 1081 3717 posuit,

123 3750 151 3808 b.
174 3773 200 3811 e.
222 3752 367 3833 agendam
389 3753 503 3811 curavit
526 3749 658 3809 fabulam
686 3757 870 3830 praetextam
890 3743 973 3828 (aive
992 3762 1081 3826 prae-

124 3858 300 3940 textatam),
321 3863 405 3920 cauus
426 3868 634 3940 argumentum
652 3868 730 3936 erat,
749 3858 806 3916 iter
818 3875 905 3916 suum
920 3851 959 3913 ad
972 3852 1083 3912 Lentu·

125 3965 197 4024 lum.
219 3967 355 4029 Fabulae
373 3978 562 4050 praetextae,
583 3977 613 4028 et
633 3964 801 4047 simpliciter
817 3973 1007 4045 praetextae,
1027 3976 1081 4019 vo·
