2624 4830
645 306 657 338 θ

247 422 319 494 338
588 441 755 489 errorum
783 441 882 489 xxrn.
1029 442 1057 488 u.
1080 444 1110 488 r.
1130 445 1155 490 e.
1175 455 1220 504 510

244 573 319 643 me,
345 545 402 646 qui
410 598 421 641 ‚
446 543 476 616 si
503 543 658 642 vicisset,
683 541 898 616 acerbiorem
923 566 960 614 se
993 542 1030 612 in
1065 568 1120 616 me
1152 543 1242 617 sutu-

243 697 322 746 rum
350 671 452 742 luisse
478 671 687 743 confiteatur
711 695 854 741 necesse
880 665 953 741 esti

296 793 318 870 5
344 795 463 868 Habes
495 787 668 870 rotionem
707 821 863 868 meurnm
896 795 1168 894 sententiarum,
1200 796 1243 868 de

246 921 315 996 lroc
333 947 457 1020 genere
482 920 663 994 dumtaxat
688 921 832 994 honoris
859 933 895 993 et
920 945 1065 1020 poenae.
1090 919 1181 993 Num
1199 921 1242 992 de

246 1050 370 1123 ceteris
396 1047 499 1120 rebus
526 1048 610 1150 quid
635 1049 820 1146 senserim,
853 1046 1007 1149 quidque
1033 1047 1243 1147 censuerim,

247 1150 384 1248 cudiese
413 1188 447 1246 te
473 1172 630 1270 arbitror.
658 1172 728 1246 Sed
753 1172 839 1245 haec
865 1171 1006 1273 qnirlenr
1032 1198 1103 1244 non
1122 1173 1168 1242 itu
1187 1198 1243 1243 ne·

246 1299 404 1379 cessario.
429 1299 521 1372 Illud
539 1299 641 1372 valde
657 1301 909 1396 necessarium,
924 1300 1050 1395 Brute,
1068 1313 1101 1370 te
1119 1300 1158 1370 in
1174 1300 1242 1372 Ita-

245 1423 329 1514 liam
354 1452 435 1499 cum
460 1427 612 1499 exercitu
641 1428 757 1498 venire
783 1452 888 1526 quam
914 1426 1074 1525 primum.
1101 1425 1242 1498 Summa

247 1565 301 1625 eet
332 1553 546 1652 exspectatio
579 1552 640 1624 tui.
675 1551 745 1643 Qui
780 1552 808 1624 ci
838 1550 975 1623 Italiam
1001 1552 1174 1648 attigeris,
1198 1551 1244 1622 ad

247 1691 283 1751 tc
308 1703 498 1752 concursus
530 1679 588 1750 liet
620 1679 785 1750 omnium.
821 1678 902 1749 Sive
935 1680 1026 1750 eninr
1060 1679 1244 1750 vicerimus

248 1805 325 1905 (qni
352 1803 495 1906 quidem
513 1802 745 1905 pulcherrime
762 1804 974 1900 viceramus,
999 1804 1065 1875 nisi
1090 1803 1244 1904 Lepidus

247 1928 394 2031 perdere
420 1932 558 2030 omniu,
583 1944 618 2003 et
643 1931 757 2032 perire
782 1931 859 2030 ipsc
885 1957 964 2003 cum
990 1931 1060 2003 suis
1079 1932 1246 2031 concupi·

238 2034 396 2157 riser),
422 2072 481 2130 tua
508 2058 610 2132 nobie
636 2059 846 2132 auctoritate
872 2083 962 2156 opus
988 2056 1112 2129 estad
1138 2057 1245 2132 collo-

248 2183 400 2259 candum
418 2184 571 2286 aliquem
589 2184 904 2289 civitoticctatum:
930 2185 1004 2257 sire
1030 2185 1135 2258 etiam
1153 2210 1245 2258 nunc

182 2343 184 2346 ·
223 2317 425 2385 'certamen
452 2311 624 2412 reliquum
649 2325 717 2410 est,
742 2311 893 2383 maxima
917 2337 997 2410 spes
1014 2324 1068 2383 est
1085 2337 1193 2412 quum
1211 2314 1246 2384 in

247 2439 457 2511 auctoritate
483 2450 561 2535 tun,
586 2450 660 2509 tum
678 2438 714 2510 in
732 2437 903 2511 exercitus
928 2439 979 2509 tui
1004 2436 1144 2511 iiribns.
1177 2439 1246 2510 Sed

245 2588 416 2665 propera,
449 2588 513 2663 per
543 2563 646 2636 Deos.
679 2562 753 2636 Scis
785 2565 896 2661 enim,
929 2578 1098 2665 quantum
1131 2566 1177 2636 sit
1208 2567 1245 2637 in

247 2687 488 2789 temporibus,
513 2702 680 2789 qnantum
715 2691 752 2760 in
786 2687 971 2762 celeritate.
1004 2690 1140 2762 Sororis
1168 2705 1245 2763 tuae

246 2805 325 2886 liliis
352 2840 456 2915 quam
483 2813 667 2912 diligenter
693 2815 891 2913 consulam,
917 2841 1021 2915 spero
1048 2830 1082 2889 te
1108 2843 1151 2888 ex
1177 2844 1245 2889 ma-

247 2940 310 3014 cris
326 2955 363 3012 et
379 2966 422 3013 ex
439 2941 568 3013 sororis
593 2941 700 3015 literis
726 2944 957 3041 cogniturum.
983 2944 1062 3034 Qua
1088 2945 1124 3015 in
1142 2969 1244 3016 causa

246 3068 414 3141 maiorem
449 3067 563 3141 habeo
597 3072 767 3143 rationem
802 3083 882 3142 tuae
915 3068 1126 3166 voluntatis,
1159 3095 1245 3169 iprae

246 3193 332 3266 milri
358 3197 534 3269 carissima
560 3210 632 3292 est,
661 3224 782 3298 quam,
807 3210 848 3267 ut
874 3196 1082 3296 quibusdam
1109 3196 1246 3291 videor,

246 3322 467 3394 'constantiae
485 3347 592 3395 meae.
611 3322 681 3393 Sed
699 3348 764 3419 ego
781 3321 875 3393 nulla
896 3324 931 3393 iu
949 3348 985 3393 re
1005 3321 1114 3416 mulo,
1140 3348 1243 3421 quam

232 3456 281 3517 'te
307 3446 458 3519 amando
485 3462 650 3521 constans
676 3463 712 3519 rt
738 3474 812 3519 esse
838 3463 872 3518 et
898 3449 1018 3519 rideri.

648 3834 651 3841 ’
680 3825 816 3896 XXlV.
984 3866 1038 3922 (ui
1057 3867 1117 3910 riui.
1135 3866 1159 3920 ι,
1180 3865 1219 3918 ro>

246 4005 465 4077 Argumentum.
486 4001 626 4061 Graviter
648 4000 840 4082 reprehendit
862 4000 1013 4062 Ciceronis
1028 4002 1063 4059 nd
1081 4005 1091 4056 t
1099 4004 1241 4060 triarioru
