2624 4830
1033 224 1049 255 0

243 443 316 519 326
596 459 764 508 rrrsrom
793 460 882 506 xvir.
1021 454 1049 503 Α.
1067 456 1101 504 v.
1120 455 1149 504 c.
1168 467 1216 519 ⁷²·

228 548 308 642 'tibi
333 564 378 639 de
402 586 483 635 meo
509 585 610 634 seusu
637 559 862 662 perscribere.
887 555 1135 630 Valetudinem
1153 559 1240 631 Por

242 684 317 767 aiae
352 716 450 763 meae
483 687 546 761 tibi
583 712 687 761 curae
718 712 794 761 esse
825 710 898 758 uon
930 685 1046 757 miror.
1079 685 1239 786 Denique

243 816 339 921 quod
370 817 477 916 petis,
509 813 633 888 sociam
664 813 823 887 libenter.
855 811 945 886 Nam
972 811 1075 883 etiam
1102 834 1239 882 sorores

242 970 300 1019 mc
325 955 459 1042 rogant.
487 944 536 1015 Et
561 940 739 1013 hominem
764 964 869 1034 uoro,
901 950 938 1011 et
969 936 1055 1038 quid
1085 935 1153 1009 cibi
1178 961 1242 1008 vo·

139 1118 142 1123 -
242 1069 354 1143 luerit

685 1316 820 1388 XVIII.
997 1357 1048 1411 <aa
1064 1355 1128 1402 ami.
1144 1355 1172 1416 1,
1185 1358 1218 1413 ς)

245 1496 463 1575 Argumentum.
489 1493 617 1554 Brutum
639 1493 812 1555 consolatur
837 1494 868 1552 in
889 1491 990 1563 luctu,
1009 1501 1041 1552 et
1060 1490 1099 1552 od
1120 1491 1243 1553 sortitu·

284 1599 385 1661 dinem
407 1599 594 1662 cohortatur.

419 1824 474 1880 Ser.
491 1825 587 1879 llomac
606 1828 637 1877 Α.
656 1823 689 1876 V.
707 1823 736 1878 C.
755 1823 862 1890 DOEX,
880 1839 969 1876 menae
986 1823 1071 1875 Iunio.

564 2011 709 2079 CICERO
732 2012 864 2079 BRVTO
890 2014 921 2079 S.

295 2205 474 2303 Fungerer
498 2203 631 2301 officio,
657 2180 727 2303 ‹puo
754 2215 790 2273 tu
818 2201 957 2273 functus
974 2226 1011 2272 es
1028 2201 1065 2273 iu
1085 2227 1165 2276 meo
1191 2202 1243 2275 lu·
1273 2298 1277 2316 Ι

247 2342 325 2427 ctu,
352 2344 454 2430 leque
479 2355 543 2428 per
566 2328 683 2401 literas
709 2327 926 2428 consolarer,
950 2327 1015 2399 nisi
1038 2327 1182 2427 scirem,
1206 2328 1247 2400 iis

247 2452 426 2550 remediis,
459 2454 585 2556 quibus
617 2478 733 2526 meum
769 2452 926 2526 dolorem
952 2468 990 2526 tu
1014 2451 1187 2554 levasses,
1211 2469 1247 2527 te

246 2581 284 2652 io
310 2594 371 2653 tuo
397 2606 470 2653 non
503 2607 618 2678 egere:
652 2607 692 2652 ac
719 2578 824 2651 velim
854 2578 1004 2678 facilius,
1030 2607 1136 2682 quam
1163 2595 1247 2654 tunc

247 2705 351 2803 milri,
374 2732 469 2778 nunc
496 2706 560 2778 tibi
586 2720 661 2779 tute
686 2706 858 2779 medeare.
884 2709 950 2779 Est
975 2707 1069 2779 enim
1095 2707 1249 2780 alienum

247 2843 348 2903 tauto
373 2833 466 2929 viro,
491 2847 531 2905 ut
556 2858 593 2905 es
619 2847 675 2930 tu,
704 2833 801 2934 quod
827 2832 924 2906 alteri
951 2835 1189 2935 praeceperit,
1212 2835 1250 2907 id

246 2957 362 3058 ipsum
388 2959 500 3032 Iacere
524 2983 597 3032 nou
622 2984 736 3060 posse.
763 2962 821 3032 Me
847 2960 989 3061 quidem
1016 2988 1123 3060 quum
1145 2963 1251 3035 ratio·

247 3074 324 3183 ires,
351 3112 435 3186 quas
462 3085 665 3184 collegeras,
690 3100 765 3158 tum
791 3087 979 3159 auctoritas
1002 3099 1062 3157 tua
1089 3113 1108 3158 a
1135 3087 1249 3159 nimio

247 3236 404 3285 maerore
430 3211 606 3286 deterruit.
640 3214 758 3305 Quum
786 3214 879 3286 euim
904 3211 1042 3286 mollius
1068 3212 1133 3284 tibi
1158 3213 1248 3286 serre

249 3336 401 3437 viderer,
416 3365 522 3440 quam
541 3338 680 3413 deceret
696 3341 828 3439 virum,
845 3340 1049 3439 praesertim
1068 3365 1167 3436 eum,
1190 3343 1251 3442 qui

249 3463 334 3536 alios
368 3465 541 3538 consolari
574 3466 716 3564 soleret3
751 3466 921 3540 accusasti
952 3491 1007 3537 me
1036 3491 1102 3565 por
1130 3460 1251 3540 literas

249 3590 463 3685 gravioribus
489 3591 621 3691 verbis,
646 3619 751 3694 quam
778 3607 837 3666 tua
863 3591 1083 3666 consuetudo
1106 3592 1249 3665 serebat.

247 3715 369 3815 Itaque
395 3715 562 3789 iudicium
588 3732 685 3791 tuum
703 3721 818 3815 magui
838 3722 1041 3815 aestimans,
1068 3717 1173 3819 idque
1192 3747 1250 3792 ve·

248 3840 352 3938 ritus,
376 3867 432 3913 me
448 3843 524 3941 ipse
541 3843 681 3942 collegi:
707 3859 743 3918 et
767 3873 826 3943 ea,
852 3873 940 3946 quae
966 3845 1180 3943 didiceram,
1205 3845 1252 3918 le·

249 3990 383 4063 geram,
408 3994 631 4070 acceperam,
656 3973 814 4069 graviora
836 3971 934 4071 duxi,
965 3987 1022 4046 tua
1042 3974 1252 4046 auctoritate
