2624 4830
238 420 312 508 356
588 437 757 490 aarrrom
785 442 884 491 xxur.
1014 435 1208 500 tuear·

239 560 374 619 tuntum
393 543 428 614 iu
446 540 631 614 statuenda
649 539 775 640 Lepidi
793 553 907 613 statua
925 538 1056 612 sactum
1076 553 1130 612 est
1147 539 1243 637 mali,

239 671 409 773 qraautum
436 669 471 738 iu
497 665 685 738 evertenda
710 666 805 737 boni.
832 665 923 736 Satis
941 663 1051 736 multa
1071 664 1116 736 de
1132 663 1240 737 hono·

239 795 353 872 ribus:
378 818 473 867 nune
499 792 543 865 de
569 817 684 892 poena
710 817 821 892 panea
848 804 931 864 sunt
948 788 1108 863 dicenda.
1135 790 1241 863 Intei·

240 921 314 995 lexi·
340 921 433 994 enim
465 945 508 994 ex
540 919 609 998 tuis
643 943 747 1018 saepe
780 917 907 1014 literis,
939 931 972 988 te
998 916 1120 1014 iniis,
1154 942 1240 1019 quos

240 1045 334 1124 betto
371 1044 552 1148 devicisti,
585 1043 805 1121 elementiam
843 1056 939 1118 tuam
975 1041 1061 1115 velie
1097 1040 1241 1117 laudari.

202 1262 211 1279 „
241 1172 415 1253 Existimo
442 1170 604 1271 equidem
630 1168 715 1247 nihil
741 1196 761 1244 a
789 1168 933 1268 renisi
958 1168 1143 1269 sapienter.
1173 1166 1242 1239 Sed
1267 1154 1272 1164 ’

241 1297 382 1376 sceleris
399 1321 550 1396 poenam
569 1296 846 1395 praetermittere
865 1293 922 1382 (id
946 1294 1038 1371 euim
1060 1307 1131 1391 est,
1148 1291 1243 1394 quod

242 1435 391 1494 vocatur·
415 1423 634 1519 ignoscere),
660 1421 764 1492 etiam
791 1422 883 1493 siin
909 1421 1033 1494 ceteris
1059 1418 1164 1493 rebus
1189 1424 1243 1490 to·

242 1545 384 1620 irmbiie
409 1560 479 1644 est,
504 1548 539 1618 in
566 1545 634 1617 hoc
659 1543 753 1620 bello
775 1547 1012 1646 perniciosum
1038 1558 1137 1646 puto.
1163 1543 1245 1620 Nu!-

242 1671 315 1745 inm
341 1673 434 1747 enim
458 1671 589 1750 bellum
613 1670 715 1746 civile
740 1671 806 1744 fuit
831 1674 867 1745 in
893 1686 1012 1746 nostra
1040 1697 1077 1744 re
1103 1669 1242 1772 publica

193 1822 196 1830 ⁴
243 1799 417 1897 omnium,
436 1824 525 1903 quae
542 1798 715 1875 memoria·
729 1824 804 1874 mea
822 1797 978 1897 fuemnt,
1002 1798 1038 1870 in
1065 1822 1136 1900 quo
1152 1794 1245 1868 bello

245 1951 333 2028 uon,
348 1938 576 2034 utracumque
593 1951 673 2026 pars
690 1925 844 2025 vicisset,
862 1915 981 2003 tamen
1000 1924 1114 2031 aliqua
1132 1923 1242 2000 forma

245 2065 338 2127 erret
353 2051 470 2128 sutura
487 2053 536 2125 rei
557 2051 728 2153 publicae.
754 2052 834 2130 Hoc
859 2050 953 2128 bello
973 2051 1124 2128 victores
1142 2075 1245 2151 quam

244 2203 318 2252 rem
345 2177 522 2277 publicam
548 2179 655 2253 simus
681 2177 852 2277 habituri,
878 2203 951 2255 non
978 2177 1078 2254 tacito
1097 2176 1245 2252 affirma·

246 2429 438 2502 mutentias
470 2430 505 2501 in
532 2430 739 2528 Antonium,
773 2430 843 2503 dixi
872 2433 909 2504 in
942 2430 1116 2531 Lepidum
1150 2455 1248 2503 seve·

245 2578 319 2625 rasa
344 2578 458 2655 neque
483 2567 555 2627 tam
582 2555 772 2629 ulciscendi
799 2584 920 2655 causa,
953 2583 1056 2658 qnam
1083 2569 1124 2629 ut
1150 2570 1187 2629 et
1211 2556 1247 2628 in

247 2704 412 2781 praeseus
438 2678 625 2754 sceleratos
652 2682 745 2754 cives
773 2685 899 2756 timore
933 2683 977 2755 ab
1008 2681 1245 2784 impugnanda

245 2806 358 2904 patria
387 2805 595 2880 deterrerem
604 2835 614 2906 3
639 2822 675 2880 et
700 2808 736 2881 in
762 2823 962 2909 posterum,
996 2808 1246 2883 documentum

246 2944 455 3032 statuerem,
479 2957 525 3005 ne
550 2935 628 3036 quis
654 2933 759 3012 talem
785 2939 974 3014 amentiam
1000 2936 1106 3011 vellet
1132 2937 1247 3008 imita·

245 3056 285 3129 ri.
317 3059 542 3160 Quamquam
575 3059 663 3135 haee
697 3063 839 3164 quidem
871 3065 1041 3136 sententia
1075 3088 1150 3136 nou
1176 3087 1248 3133 ma·

246 3183 297 3281 gis
323 3209 399 3257 mea
426 3185 506 3284 init,
533 3213 638 3290 qnam
664 3191 832 3262 omniurn.
857 3191 897 3263 In
917 3217 984 3291 qua
1005 3189 1144 3262 videtur
1160 3186 1245 3260 iliud

246 3332 321 3382 esse
356 3310 514 3412 crudele,
547 3314 644 3418 quod
670 3315 716 3388 ad
741 3315 888 3414 liberos,
913 3318 972 3417 qui
999 3314 1084 3387 nihil
1112 3339 1246 3386 merue-

245 3450 344 3535 runt,
369 3463 483 3536 poena
510 3442 680 3539 pervenit.
707 3441 776 3514 Sed
803 3442 839 3517 id
865 3456 900 3514 et
926 3444 1107 3547 anuqnum
1127 3453 1248 3539 est‚et

246 3562 405 3647 omnium
431 3563 630 3643 civitatum:
661 3568 690 3640 si
716 3568 856 3673 quidem
885 3570 989 3645 etiam
1017 3567 1246 3642 Themistocli

245 3682 346 3762 liberi
372 3704 549 3785 eguerunt„
577 3693 645 3790 Et,
677 3694 707 3768 si
741 3695 871 3769 iudicio
907 3695 1091 3770 damnatos
1125 3695 1247 3767 eadem

170 3837 172 3840 ⁴
245 3835 362 3910 poena
390 3817 548 3916 sequitur
573 3820 682 3919 cives,
708 3823 767 3922 qui
793 3824 971 3923 potuimus
997 3823 1148 3895 leniores
1174 3846 1248 3893 esse

244 3934 283 4015 t'tt
310 3936 451 4016 horter?
476 3945 572 4036 Quid
600 3959 716 4020 autem
744 3950 840 4048 queri
867 3963 985 4049 potest
1005 3950 1187 4053 qnisquam
1207 3947 1249 4023 de
