2624 4830
143 424 190 518 24
482 438 654 491 srrsrors
680 439 820 489 nemer.
915 438 996 490 ur.
1014 442 1044 491 e.
1060 455 1109 506 μ.

138 546 210 621 lum
230 563 256 598 ¹¹
285 570 440 618 summae
471 545 521 618 rei
554 542 716 643 publicae
748 540 1034 644 demonstrabat,
1065 547 1133 619 nisi

139 674 186 749 ad
210 674 426 773 superiorem
451 669 740 743 consuetudinem
765 681 858 767 tum,
885 695 994 770 quum
1018 670 1135 744 Favo-

137 800 216 872 nius
241 798 356 898 flaret,
380 798 580 871 revertisses
587 822 598 895 3
626 795 694 869 hoc
720 809 879 896 tempore
904 793 984 869 feni
1009 822 1134 896 posse,

138 927 168 997 si
184 925 273 999 t'orte
291 938 329 996 tu
347 924 452 1023 frigus
477 923 563 996 serre
588 947 662 995 non
687 946 808 1022 posses
827 937 866 994 ¹².
891 920 974 1019 Sed,
1000 922 1134 995 meher-

138 1049 229 1150 cule,
253 1053 301 1122 mi
327 1052 449 1149 Paete,
465 1063 561 1123 extra
578 1049 712 1146 iocum,
729 1072 858 1120 moneo
875 1062 927 1146 te,
945 1048 1041 1149 quod
1058 1075 1134 1149 per·

138 1178 250 1250 tinere
275 1176 320 1249 ad
344 1175 447 1249 beate
471 1175 661 1250 vivendum
686 1173 854 1272 arbitror,
878 1188 917 1247 ut
942 1200 1023 1246 cum
1048 1175 1132 1247 viris

136 1301 258 1400 bonis,
289 1302 468 1400 iucundis,
497 1301 694 1374 amantibus
725 1302 776 1372 tui
803 1301 911 1372 rivos.
945 1299 1042 1373 Nihil
1072 1326 1133 1400 ap·

137 1428 208 1501 tius
226 1430 256 1479 ¹³
282 1431 392 1528 vitae3
416 1427 503 1501 nihil
528 1427 573 1500 ad
596 1428 699 1500 beate
724 1427 915 1499 vivendum
940 1451 1134 1500 accommo-

138 1553 262 1627 datius.
300 1555 374 1627 Nec
407 1553 446 1626 id
479 1553 525 1626 ud
558 1552 778 1651 voluptatem
816 1551 950 1649 resero,
987 1550 1051 1624 sed
1088 1550 1134 1624 ad

138 1680 422 1752 communitatem
455 1681 548 1752 vitae
581 1693 685 1780 atque
715 1680 848 1776 rictus,
879 1679 1133 1752 remissionem-

138 1831 205 1907 que
238 1807 457 1903 animorum,
489 1831 578 1906 quae
610 1807 759 1877 maxime
792 1829 954 1877 sermone
986 1805 1135 1878 efficitur

135 1930 311 2030 familiari,
334 1933 394 2034 qui
420 1945 472 2006 est
496 1933 533 2004 in
558 1932 731 2006 conviviis
760 1930 996 2031 dulcissimus,
1019 1946 1061 2004 ut
1084 1958 1135 2005 sa·

137 2058 288 2157 pientius
304 2060 432 2159 nostri,
457 2085 562 2159 quarn
579 2059 724 2156 Graeci,
747 2057 796 2130 illi
813 2066 967 2150 συμπόσια
983 2072 1045 2130 aut
1061 2064 1132 2130 sdr-

135 2183 299 2281 durvatl,
322 2211 389 2258 nos
412 2189 597 2271 conuiuia5
628 2182 725 2285 quod
750 2197 826 2256 turn
850 2184 1001 2256 maxime
1026 2184 1135 2256 simul

136 2311 273 2381 vivitur.
298 2308 408 2381 Vides
432 2323 473 2381 ut
501 2322 538 2382 te
568 2308 852 2409 philosophando
883 2334 1049 2382 revocare
1075 2335 1134 2383 co·

136 2455 201 2505 ner
216 2431 262 2505 ad
279 2441 404 2508 cenas!
429 2434 537 2534 Cura,
561 2448 602 2506 ut
618 2433 742 2508 valeas.
767 2434 811 2508 Id
835 2433 918 2510 foris
944 2434 1133 2509 cenitando

139 2555 297 2629 facillime
323 2583 546 2660 consequere.

187 2683 209 2755 3
236 2682 303 2755 Sed
328 2710 432 2785 care,
456 2688 485 2758 si
510 2712 567 2759 me
584 2713 699 2786 amas,
722 2687 915 2785 existimes,
938 2712 1013 2784 me,
1038 2687 1134 2788 quod

135 2808 285 2883 iocosius
308 2810 474 2912 scribam,
499 2812 665 2887 abiecisse
682 2840 801 2888 euram
819 2812 1058 2914 reipublicae.
1076 2812 1134 2887 sie

135 2932 218 3032 tibi,
242 2936 291 3007 mi
314 2938 439 3037 Paete,
463 2938 651 3039 persuade,
675 2966 732 3014 me
754 2941 828 3014 dies
846 2955 883 3012 et
898 2953 1021 3014 noctes
1045 2938 1134 3013 nihil

133 3057 230 3132 aliud
254 3086 371 3159 agere,
398 3064 486 3137 nihil
512 3091 651 3166 curare,
674 3067 741 3139 nisi
766 3082 808 3141 ut
831 3067 899 3139 mei
926 3068 1020 3140 eires
1046 3066 1134 3139 salvi
1172 3116 1175 3121 ·

134 3181 302 3289 liberique
325 3190 403 3262 sint.
430 3189 575 3265 Nullum
590 3192 707 3266 locum
724 3194 966 3293 praetermitto
985 3218 1132 3266 monen-

137 3306 192 3409 di,
214 3312 358 3412 agendi,
383 3315 608 3416 providendi:
632 3319 702 3394 hoc
728 3320 878 3422 denique
897 3321 1016 3393 animo
1038 3346 1134 3418 sum,

133 3446 192 3533 ut,
214 3438 242 3507 si
267 3440 305 3510 irr
329 3439 397 3514 bae
414 3468 496 3517 cura
513 3458 619 3547 atrpre
635 3445 938 3533 administratione
955 3446 1026 3520 vita
1044 3437 1132 3519 milri

132 3562 300 3658 ponenda
314 3568 374 3667 sit,
390 3569 569 3671 praeclare
583 3587 699 3650 actum
711 3600 848 3649 mecum
862 3589 993 3675 putem.
1013 3573 1131 3647 Etiam

139 3696 245 3788 atque
267 3692 372 3767 etiam
396 3694 482 3770 vale.
