2624 4830
578 427 844 479 ΑΝΝΟΤΔΤΙΟΝΕΒ

625 740 797 803 DCCXCV.

216 977 226 1016 ι
251 956 316 1017 Non
336 976 422 1034 eum,
440 956 493 1037 qni
514 976 560 1036 ep.
582 954 700 1018 CCCVI
721 956 895 1016 Terentiam
915 968 946 1018 et
966 957 1128 1021 Tulliolam
1157 965 1218 1025 sal-

250 1085 319 1125 vere
340 1062 438 1145 iubet,
459 1085 556 1144 neque
576 1063 804 1146 Sempronium,
829 1081 927 1147 neque
947 1067 1141 1153 Mescinium,
1163 1073 1217 1132 sed

249 1171 340 1232 aliurn
360 1169 540 1252 querndam,
560 1181 651 1253 puto,
673 1173 808 1252 ignotum
828 1172 922 1233 ferum
942 1173 1087 1235 Ciceroni.

184 1280 228 1338 'a
250 1279 331 1356 Quia
354 1280 474 1339 consilia
498 1278 536 1339 de
563 1279 761 1361 opprimendo
787 1280 930 1342 Cicerone
955 1285 1025 1343 inita
1051 1284 1149 1345 ausus
1176 1286 1216 1347 ad

249 1385 374 1447 Paetum
395 1385 516 1465 detulit,
536 1386 648 1446 Paetus
669 1386 709 1447 ad
729 1387 904 1449 Ciceronem
925 1392 1047 1473 scripsit.
1067 1391 1190 1453 Manus.

209 1492 227 1551 3
249 1491 379 1571 Scilicet,
399 1504 465 1553 tuas
486 1492 583 1554 literas
604 1496 752 1577 primum,
774 1494 812 1557 de
833 1496 959 1556 consiliis
979 1496 1017 1556 de
1038 1518 1087 1557 me
1109 1501 1215 1582 oppri-

248 1600 357 1661 mendo
379 1601 469 1683 initis,
489 1603 687 1684 suspicionem
708 1601 840 1686 dedisse3
860 1624 895 1665 ex
914 1623 976 1685 quo
995 1603 1069 1664 mihi
1089 1624 1218 1691 cavere,

248 1719 280 1768 et
298 1707 478 1790 diligentiam
499 1709 643 1769 adhibere
665 1713 759 1793 coepi.

208 1815 295 1892 4Ab
315 1819 453 1878 Antonio.
481 1818 612 1893 Deme,
639 1817 677 1877 de
702 1821 824 1901 exponit
846 1819 1028 1880 Passeratius
1048 1817 1215 1902 (Praelect.

247 1925 286 1988 ad
306 1927 442 2010 Propert.
456 1926 506 1987 lib.
521 1925 574 2009 lV,
589 1948 619 2009 p.
633 1924 713 2008 614)
733 1947 788 2010 per
808 1929 856 2002 in,
876 1948 933 2009 pro
954 1936 1074 2009 contra,
1095 1925 1215 1991 firmat-

247 2056 307 2117 qne
333 2035 400 2094 loco
421 2055 437 2094 e
457 2033 583 2115 Philipp.
612 2034 698 2112 Xlll,
725 2033 772 2094 16:
798 2035 846 2093 De
865 2032 972 2116 quibus
997 2034 1063 2095 lata
1082 2033 1131 2095 lex
1150 2050 1214 2112 err,

247 2164 304 2227 pro
331 2143 361 2203 in
386 2163 479 2226 quom
509 2153 540 2202 et
567 2140 616 2200 illo
637 2140 721 2222 Virg.
744 2142 816 2201 Aen
837 2141 897 2222 Vl,
919 2140 995 2202 502:
1024 2138 1081 2203 Cui
1100 2156 1217 2205 tannim

247 2250 286 2311 de
306 2265 332 2310 te
354 2251 444 2312 licuit.
464 2249 615 2330 Verburg.

206 2359 227 2421 5
247 2357 447 2419 acerbissimis
467 2361 497 2416 in
519 2359 679 2416 Antonium
701 2355 880 2437 Philippicis.

205 2464 393 2544 60rellius,
420 2467 595 2524 auctoritate
623 2463 692 2523 edit.
720 2463 814 2547 vice,
840 2464 921 2524 Flor.
949 2463 1041 2543 1558,
1063 2487 1216 2528 conanen-

246 2573 366 2633 dationc
387 2593 446 2632 non
465 2585 543 2651 eget,·
564 2574 604 2632 sio
625 2581 655 2630 et
676 2570 743 2631 edd.
765 2592 809 2653 pr.
831 2570 951 2632 habent.

207 2703 224 2761 7
246 2680 356 2740 Confer
375 2702 421 2762 ep.
443 2678 573 2738 CDLVI.
594 2679 667 2738 Mox
686 2679 733 2740 De
753 2680 915 2739 Franciscis
936 2682 978 2739 ire
998 2677 1123 2740 desisse.

205 2786 225 2849 8
246 2791 364 2848 Amicos
385 2790 508 2847 invitare
529 2786 568 2847 ad
588 2807 700 2847 cenam.

204 2918 226 2981 9
246 2896 375 2956 Hirtium
390 2906 420 2955 et
432 2893 616 2954 Dolabellam
636 2893 789 2976 splendide
810 2905 955 2953 cenantes.
977 2895 1050 2952 Mox
1065 2897 1175 2956 Drrsd.
1193 2900 1211 2956 3

245 3026 322 3066 nunc
342 3017 367 3063 te
377 3004 531 3085 futurum,
554 3014 586 3062 ut
609 3002 726 3063 volebat
747 3003 909 3062 Ernestius.

210 3135 246 3175 ro
266 3115 379 3195 Augur.
405 3110 528 3172 Corrad.
556 3111 618 3187 Qui
644 3110 802 3171 Caesarem
828 3121 1001 3186 monuerat,
1029 3122 1064 3170 ut
1089 3125 1212 3174 caveret

246 3223 316 3283 idus
336 3221 472 3302 Martias,
492 3219 601 3302 quibus
622 3219 792 3279 interfectus
812 3229 864 3278 est.
885 3217 1010 3278 Lallem.

211 3350 241 3390 rr
265 3330 391 3390 Festive.

210 3457 243 3498 ια
265 3438 371 3519 Frigus
393 3449 587 3518 nocturnum,
608 3433 691 3517 quod
709 3436 866 3493 revertenti
888 3456 906 3492 a
927 3454 999 3493 cena
1014 3431 1212 3496 subeundum

246 3557 318 3604 crat.
341 3545 369 3603 I.
395 3547 451 3612 Fr..
470 3544 596 3603 Gronov.
623 3543 709 3601 locus
735 3543 857 3602 omnino
883 3540 985 3601 subest
1009 3541 1149 3602 occultus
1171 3544 1211 3604 dc

244 3652 320 3712 fastu
340 3662 370 3711 et
391 3651 543 3711 insolentia
562 3661 757 3725 tyrannorum
781 3648 955 3726 satellitum,
976 3660 1009 3707 ut
1032 3648 1104 3709 vidit
1126 3651 1212 3711 Gro-

195 3801 198 3808 -
243 3760 366 3839 novius,
384 3779 460 3839 quos
481 3759 610 3839 optimus
629 3760 755 3845 quisque
776 3778 836 3817 non
857 3755 979 3816 ferebat.
1005 3754 1083 3815 Cora.

209 3865 242 3937 13,
264 3863 393 3923 Orellius
414 3886 446 3922 ex
467 3865 567 3924 mullis
587 3865 674 3924 codd.
695 3865 772 3923 nihil
790 3878 834 3923 est
849 3861 965 3947 'aptium
987 3862 1055 3922 edd.
1071 3885 1117 3944 pr.
1133 3867 1215 3926 nitra

243 3973 321 4033 eninr
340 3971 455 4053 aplius,-
479 3971 585 4033 Lamb.
607 3972 715 4054 aliique
735 3973 811 4032 nihil
829 3973 906 4031 enim
925 3984 969 4031 est
987 3991 1017 4030 a.
