2624 4830
455 399 491 445 iu
517 397 698 447 erisroms
1006 382 1072 482 49¹

104 508 205 590 finem
219 505 350 576 millam
371 501 456 562 Amo.
477 500 512 561 15
530 500 624 561 uttam
632 499 744 584 fidem.
765 503 846 562 Tum
860 503 950 588 vulgo
965 505 1035 567 oIim
1050 520 1081 570 et
1151 568 1153 574 ,

121 616 188 677 libri
210 633 311 674 omnes
328 612 457 694 putavit,
475 609 560 692 quod
585 621 630 670 est
658 602 797 671 alienum.
824 612 931 672 Graev.
954 618 1080 696 putarit,

121 721 227 783 Guliel.
246 719 374 803 putabit,
395 740 485 800 quem
505 720 597 778 secuti
618 728 688 778 suut
701 730 825 800 posterr.
840 739 950 781 omnes.
971 721 1082 784 Incita-

121 832 282 907 tissr'mam,
303 830 331 886 in
353 829 471 887 Antonii
493 836 587 886 castro
607 836 752 886 ruentem.

81 960 120 999 υ
142 936 209 1000 Vid.
232 957 278 1018 ep.
301 956 364 1016 sup.
386 946 447 995 not.
468 933 497 994 5.
518 934 658 1014 Singulae
679 932 831 1016 quaedam
850 938 997 1014 cohortes,
1018 936 1078 998 seii,

120 1044 268 1127 quaedam
282 1043 403 1122 legionis
418 1041 687 1122 duodetrigesimae
705 1041 857 1121 cohortes,
875 1065 968 1124 quum
984 1056 1080 1105 essent

122 1154 195 1212 uliae
222 1151 261 1210 ub
288 1151 349 1211 aliis
375 1152 543 1228 seiunctae,
569 1149 743 1210 seditionem
776 1152 897 1210 seorsim
923 1151 1079 1235 fecerunt3

123 1282 199 1344 quae
219 1260 339 1342 quidem
361 1262 383 1318 si
405 1280 465 1318 uno
486 1259 568 1338 Ioco,
588 1258 617 1318 h.
639 1280 666 1320 e.
687 1262 710 1320 si
732 1258 818 1319 simul
832 1260 966 1339 fuissent,
986 1262 1080 1344 impe·

124 1372 203 1428 rium
224 1366 309 1428 simul
330 1386 432 1428 omnes
448 1366 666 1427 detrectassent.
688 1366 788 1449 Vulgo
802 1367 872 1427 olim
887 1367 1081 1430 omittebatur

124 1474 282 1560 quaedam.
302 1477 383 1535 Tum
403 1495 460 1558 pro
481 1488 591 1557 utpote,
611 1473 720 1536 Ambb.
734 1495 837 1568 omnes
851 1497 919 1569 cum
934 1475 1079 1538 Stewech.

123 1597 154 1645 ut
176 1597 258 1665 pata.
291 1582 351 1644 Sed
376 1583 451 1644 illud
476 1581 574 1666 bene,
601 1593 636 1644 ut
659 1585 754 1665 epist.¹
771 1583 892 1645 CXCIII
919 1586 995 1664 init,
1021 1585 1081 1649 teil.

123 1690 374 1774 quondoquidem.

85 1800 122 1859 23
144 1801 285 1881 Quinque
306 1800 397 1858 nostri
418 1797 510 1857 XXX
514 1822 525 1870 ‚·
547 1809 582 1859 ut
601 1799 718 1881 passim.
741 1798 799 1859 Alii
818 1799 1006 1878 trigesimam.

81 1908 122 1983 24
140 1906 246 1968 Lamb.
266 1927 358 1990 neque
377 1928 402 1966 e.
421 1907 636 1987 periculonrm,
657 1927 735 1988 qaae
749 1929 773 1966 v.
789 1906 809 1965 i.
822 1905 1080 1981 portendebantur,
1154 1968 1157 1974 ,

126 2029 212 2075 meta.

85 2121 125 2182 25
145 2121 248 2181 Lamb.
269 2122 313 2193 si,
334 2112 418 2204 quod
436 2140 495 2180 reon
514 2120 655 2194 iussistis,
677 2120 758 2203 quod
777 2123 885 2181 iterum
905 2132 992 2181 vexet
1009 2121 1031 2180 I.
1045 2121 1081 2181 F.

124 2229 291 2289 Gronovius
311 2229 402 2302 sicut,
424 2227 508 2311 qaod
526 2250 585 2288 non
606 2229 746 2311 iussistis,
761 2239 792 2288 et
805 2231 845 2287 sic
860 2227 951 2289 edidit
965 2226 1081 2288 sehon.

126 2335 254 2416 Vulgata
268 2336 355 2397 Iectio
369 2335 525 2417 significat:
540 2336 689 2396 facturum
703 2357 751 2396 me
766 2336 917 2419 deinceps,
929 2334 1013 2419 quod
1026 2336 1083 2396 ius·

127 2447 246 2526 sissetis,
267 2445 387 2505 credere
409 2443 538 2522 debetis,
559 2466 593 2505 ex
613 2465 665 2523 eo,
686 2443 768 2527 quod
789 2466 837 2506 me
858 2443 982 2505 antehae
1002 2464 1084 2504 sem·

126 2562 173 2611 tus
194 2551 273 2613 dicto
289 2552 459 2613 audientem
473 2552 600 2633 vidistis3
621 2574 698 2634 quae
711 2553 870 2613 cohaerent
882 2556 1000 2634 egregie
1014 2545 1084 2613 oum
1121 2622 1125 2629 ι

127 2679 206 2740 seqq.

87 2765 350 2844 moestarum,
373 2778 425 2827 eut
445 2766 598 2849 praesidiis
618 2770 699 2828 meis.
723 2769 836 2830 Emere
862 2767 964 2828 Malim
989 2765 1085 2827 disce-

126 2871 239 2951 dentes,
259 2885 294 2933 ut
314 2876 468 2957 proprium
490 2877 520 2934 in
541 2874 598 2934 hue
618 2897 652 2937 re
673 2875 816 2957 verbum,
842 2885 872 2935 et
895 2886 931 2935 ut
955 2873 1085 2957 Lepidus

126 2979 257 3061 quuitur
278 2983 308 3040 in
329 3003 374 3064 ep.
396 2981 597 3043 DCCCXXV.

86 3108 124 3164 27
148 3087 227 3147 Olim
250 3100 353 3149 contra
375 3101 465 3149 mstos
485 3091 653 3150 etiamnum.

88 3192 128 3253 28
149 3194 205 3253 Sex
231 3199 321 3256 nostri
343 3198 413 3257 Reo.
436 3208 466 3257 et
487 3195 553 3257 edd.
576 3219 620 3279 pr.
648 3194 803 3257 Cordubae
822 3216 891 3255 oum
913 3194 988 3256 vict.
1008 3194 1085 3258 vid·

131 3303 160 3359 in
188 3324 233 3385 ep.
259 3302 473 3365 DCCXCVIII.
507 3304 556 3364 Sic
581 3326 627 3387 ep.
654 3302 830 3363 Deccxtlt
856 3300 907 3362 fin.
933 3304 1086 3375 Dertona,

130 3408 395 3470 DCCCXXXVIII
434 3410 594 3492 Eporedia.
629 3410 773 3472 Lentulus
811 3421 911 3471 tomen
950 3412 981 3470 in
1020 3430 1087 3494 epp.

128 3493 317 3577 ncccx'in
340 3528 370 3578 et
389 3517 597 3579 ncccxmn
619 3521 737 3598 Pergae.
