2624 4830
614 445 784 495 reserens
809 446 888 494 xxv.
1028 442 1059 488 a.
1078 443 1112 490 v.
1128 442 1158 489 n
1175 452 1221 501 ,ιο

419 675 473 728 ὅσ.
492 673 585 728 Romae
604 675 633 727 Δ.
652 673 685 724 V.
703 672 733 725 C.
750 672 857 739 DCCX,
876 671 913 723 VI
933 670 991 722 Kal.
1009 671 1079 722 Sext.

571 870 716 938 CICERO
744 870 876 937 BllVTO
901 869 932 934 S.

608 1000 630 1039 Ι

301 1064 423 1157 Quum
447 1085 552 1161 saepe
578 1072 613 1133 te
634 1058 744 1134 literis
762 1059 923 1133 hortatus
939 1083 1068 1156 essem,
1086 1071 1246 1158 utquam

251 1189 405 1291 pn'mum
440 1188 492 1262 rei
523 1184 684 1288 publicae
715 1185 940 1283 subvenires,
970 1188 1009 1257 in
1039 1183 1245 1284 Italiamque

251 1315 442 1388 exercitum
474 1311 683 1410 adducerem
712 1338 827 1413 neque
859 1310 897 1383 id
929 1309 1115 1384 arbitrarer
1146 1309 1246 1382 dubi·

251 1452 326 1513 tere
352 1452 432 1512 tuos
464 1439 696 1512 necessarios:
729 1451 871 1538 rogatus
901 1463 978 1511 sum
1004 1462 1024 1508 a
1050 1435 1247 1536 pmdentis·

250 1563 340 1639 elma
365 1577 401 1638 et
426 1562 687 1662 diligentissima
720 1564 865 1663 femina,
897 1577 1008 1637 matre
1040 1576 1118 1660 tua,
1150 1562 1246 1634 cuius

250 1714 375 1766 omnes
400 1715 504 1764 curae
537 1689 583 1764 ad
617 1703 650 1764 te
680 1689 888 1790 referuntur,
919 1703 956 1763 et
987 1689 1024 1762 in
1054 1702 1089 1760 te
1120 1713 1246 1761 consu·

250 1830 411 1916 montur,
436 1830 477 1891 ut
501 1818 657 1890 venirem
683 1816 790 1891 adse
816 1844 845 1890 a.
873 1817 906 1889 d.
933 1816 1021 1889 VIII
1050 1813 1127 1888 Kal.
1154 1814 1244 1886 Sext.

251 1942 361 2036 Quod
384 1967 469 2042 ego,
499 1956 540 2016 ut
565 1942 689 2044 debui,
713 1944 788 2017 sine
814 1967 910 2016 mora
936 1941 1012 2014 leci.
1042 1941 1162 2034 Quum
1186 1965 1247 2012 au·

250 2080 324 2142 tem
355 2069 546 2168 venissem,
576 2071 687 2144 Casca
721 2068 857 2167 aderat,
881 2082 918 2142 et
941 2066 1078 2164 Lubet),
1103 2079 1140 2139 et
1164 2063 1246 2138 Sca·

250 2194 356 2294 ptius
380 2196 430 2270 At
452 2193 511 2269 illa
535 2194 672 2294 retulit,
696 2196 952 2297 quaesivitque,
976 2193 1145 2295 quidnam
1163 2189 1247 2264 mibi

251 2317 447 2393 videretur:
473 2346 769 2394 arcesseremusne
801 2334 853 2420 te,
884 2334 989 2421 atque
1013 2319 1051 2391 id
1076 2318 1141 2391 tibi
1165 2341 1247 2391 con·

252 2442 379 2518 ducere
404 2460 624 2547 putaremus3
648 2473 694 2520 an
718 2446 875 2545 tardare,
899 2459 936 2518 et
960 2443 1170 2518 commorari
1195 2454 1247 2541 te,

251 2568 374 2643 melius
399 2586 498 2645 esset
524 2572 703 2671 Respondi
721 2573 774 2672 id,
799 2572 896 2674 quod
913 2571 1124 2670 sentiebam,
1141 2583 1177 2643 et
1194 2569 1246 2642 di·

251 2694 393 2792 gnitati,
417 2709 453 2768 et
478 2698 728 2770 existimationi
754 2713 833 2772 tuae
858 2700 1007 2770 maxime
1034 2697 1246 2792 conducere,

251 2831 286 2891 te
302 2819 416 2920 primo
434 2847 573 2923 quoque
592 2836 751 2924 tempore
774 2825 862 2897 serre
887 2824 1097 2925 praesidium
1114 2821 1245 2895 labenti

251 2956 288 3018 et
318 2944 504 3020 inclinatae
536 2974 648 3048 paene
674 2952 722 3024 rei
748 2951 917 3048 publicae.
944 2950 1041 3042 Quid
1066 2950 1159 3021 enim
1185 2946 1246 3020 ab-

250 3094 326 3143 esse
351 3098 471 3147 censes
487 3074 570 3147 mali
587 3077 622 3148 in
641 3102 683 3149 eo
700 3076 811 3173 bello,
837 3079 874 3149 in
897 3103 967 3177 quo
985 3079 1136 3150 victores
1154 3101 1246 3148 exer

250 3195 340 3270 citus
364 3197 552 3297 lugientem
577 3201 714 3275 hostem
739 3205 900 3304 persequi
926 3200 1133 3307 noluerunt?
1157 3200 1246 3274 etin

249 3348 321 3423 quo
345 3324 529 3399 incolumis
559 3330 749 3429 imperator
781 3329 973 3402 honoribus
1007 3326 1246 3427 amplissimis,

249 3447 466 3551 fortunisque
491 3454 667 3554 maximis,
692 3457 859 3554 coniuge,
883 3455 1017 3552 liberis,
1043 3453 1145 3525 vobis
1172 3451 1245 3525 affi-

249 3572 352 3647 nibus
377 3590 535 3676 ornatus,
551 3578 682 3653 bellum
698 3582 749 3654 rei
767 3580 927 3681 publicae
944 3577 1128 3652 indixerit?
1148 3575 1245 3669 Quid

250 3693 380 3797 dicam,
396 3702 433 3773 in
452 3715 549 3776 tanto
567 3720 706 3780 senatus
724 3706 914 3808 populique
931 3731 1119 3802 consensu,
1136 3729 1245 3805 quum

249 3837 386 3896 tantum
402 3827 552 3904 resideat
570 3833 660 3906 intra
678 3861 795 3907 muros
813 3832 915 3906 malil
938 3833 1092 3906 Maximo
1111 3844 1245 3926 autem,

248 3975 357 4051 quum
385 3950 472 4028 haec
504 3958 719 4060 scribebam,
752 3959 929 4036 afficiebar
954 3958 1096 4035 dolore:
1131 3954 1245 4058 quod,
