2624 4830
228 399 302 475 500
599 412 859 462 tunorurionua

267 498 490 586 iurisconsultus
511 517 574 579 Ser.
596 515 760 597 Sulpicium
782 523 812 573 ct
832 508 971 573 Ofilium:
991 523 1025 574 et
1043 533 1151 595 quum
1166 517 1249 580 Tre-

267 632 341 694 batii
355 650 476 713 quoque
489 627 663 688 senteutiam
680 626 754 683 scire
767 620 867 700 vellet,
888 620 1039 683 &cannia
1053 644 1157 707 opera
1170 647 1245 688 mm

269 753 321 803 est
343 737 539 816 Interrogavit
552 737 643 814 igitur
656 731 744 793 Silius
758 729 928 812 Turpilium
944 730 987 790 bis
1001 730 1126 793 verbis:
1141 733 1246 815 Spon.

268 849 371 929 desne,
392 860 418 908 te
437 844 577 906 unnim
592 840 767 925 pecandum,
786 840 815 897 si
834 839 959 899 Praetor
983 837 1136 901 bonorum
1162 844 1244 905 Tw-

265 956 361 1040 piliae
377 952 597 1036 possessiouem
616 948 691 1010 nrilri
710 944 814 1008 dedit?
833 945 1000 1028 Respondit
1027 946 1121 1009 alter:
1142 949 1245 1032 Spon-

267 1064 340 1137 deo,
360 1084 407 1123 me
426 1060 582 1132 dormant,
602 1058 630 1116 si
652 1057 828 1117 Pmetor-
841 1055 895 1116 tibi
913 1052 1004 1116 dedii.
1025 1054 1192 1119 Erueatiua
1211 1069 1243 1120 et

267 1174 290 1235 l.
312 1172 349 1233 V.
371 1170 503 1231 Clericua
528 1187 566 1227 ex
591 1167 775 1227 correctione
794 1163 933 1223 Munatii:
960 1162 1005 1223 Ni
1028 1162 1184 1226 bonorum
1202 1200 1243 1215 ...

268 1279 344 1341 milri
361 1277 481 1338 dederit.
504 1276 603 1335 Minus
624 1284 720 1353 recte3
741 1270 809 1332 vide
830 1270 897 1330 Car.
918 1269 1059 1331 Baiarum
1074 1271 1119 1333 ad
1132 1271 1186 1333 lib.
1201 1275 1243 1334 111

268 1387 329 1447 (iic
351 1383 389 1446 de
409 1382 470 1444 Off.
491 1403 516 1442 c.
542 1402 586 1464 ¹9
615 1382 694 1441 Tum
716 1379 825 1440 delerit
844 1375 937 1439 verba
958 1377 997 1462 Q.
1021 1375 1141 1463 Caepio
1163 1388 1245 1442 nm.

268 1514 358 1574 quam
381 1490 526 1571 glossema
547 1487 712 1548 Schiitaiua
733 1488 798 1548 Non
819 1485 905 1547 male.

228 1600 406 1679 dservium
427 1596 603 1680 Sulpicium.

99 1784 103 1792 Ι
229 1707 250 1770 5
269 1706 404 1789 Negabat
418 1706 553 1785 Servius,
566 1701 683 1764 tabulas
696 1701 759 1762 illas
773 1721 829 1784 pro
843 1708 1021 1761 testamento
1032 1699 1148 1781 valere,
1162 1723 1242 1783 quae

269 1816 365 1879 sactae
385 1814 424 1875 ab
446 1833 482 1873 eo
500 1823 599 1890 eraut,
612 1813 665 1893 qui
680 1812 846 1870 testamenti
860 1805 1037 1869 conficiendi
1052 1811 1099 1869 ius
1114 1832 1178 1871 uon
1191 1810 1246 1871 ba·

270 1922 369 1983 bebat
391 1923 460 1982 Mox
481 1920 549 1981 libri
569 1920 682 2001 aliquot
697 1918 873 2000 Oppicium,
894 1915 1028 2002 officum
1042 1927 1075 1979 et
1090 1917 1242 2008 Offilium.

229 2030 251 2092 6
270 2030 375 2090 Lamb.
397 2052 428 2091 re
447 2048 645 2109 currantque

231 2160 248 2220 7
270 2139 356 2200 amb.
378 2160 396 2218 7
416 2137 638 2219 quotoptimum
659 2133 782 2215 corfire.

638 2453 822 2515 DCCCLlX.

236 2694 246 2732 r
271 2672 440 2733 Habereme
461 2673 607 2758 qctionem
634 2669 775 2731 adversus
803 2689 872 2728 eum
898 2668 1013 2748 furem,
1038 2675 1092 2751 qui
1120 2671 1242 2733 iuratus

271 2791 346 2840 esset
367 2791 450 2853 ante,
470 2797 560 2858 quam
582 2779 643 2858 ipse
669 2775 755 2835 heres
783 2782 866 2835 casei.
894 2774 966 2834 ldeo
994 2779 1076 2835 euim
1104 2777 1243 2840 dubitari

271 2900 381 2971 potest,
401 2891 471 2968 quia
484 2906 544 2945 nou
558 2883 675 2943 videtur
696 2883 798 2965 heres,
819 2905 869 2962 eu,
889 2893 1040 2963 tamquam
1064 2906 1137 2959 sua,
1154 2909 1244 2968 posse

270 3007 420 3080 repetere,
440 3015 518 3076 quae
539 2992 672 3053 nondum
694 2991 731 3051 ad
753 3014 821 3052 euin
843 2990 1022 3051 hereditario
1044 2996 1112 3051 iure
1132 3014 1242 3075 perve-

271 3107 387 3164 nissent.
409 3103 524 3164 Manui.
553 3101 636 3178 Quid
656 3103 679 3160 si
699 3121 760 3159 nou
781 3100 877 3158 solum
902 3120 962 3158 non
987 3099 1090 3179 heres,
1118 3103 1176 3161 sed
1202 3124 1241 3162 ue

270 3214 395 3294 scriptus
416 3211 537 3291 quidem
558 3209 645 3270 hares
667 3207 761 3269 esset?
783 3208 861 3267 Vide
883 3209 965 3266 inira

230 3339 249 3379 a
270 3319 402 3400 Scilicet,
424 3319 523 3379 locum
545 3340 563 3378 e
583 3317 659 3376 libro
681 3318 750 3376 lCti.
772 3314 884 3375 Emesa.
899 3314 985 3374 Amb.
1005 3313 1041 3375 15
1061 3316 1119 3375 hoc
1133 3331 1238 3398 eaput.

229 3427 248 3485 3
270 3428 408 3488 Senserat
417 3426 590 3507 Trebatius,
604 3423 774 3483 huiusmodi
791 3427 936 3483 actionem
947 3422 1051 3482 baberi
1062 3444 1124 3483 nou
1135 3446 1238 3506 posse.

228 3533 317 3610 risio
336 3534 409 3593 Ero.
431 3554 448 3592 e
468 3536 645 3593 coniectura.
667 3530 767 3612 Vulgo
789 3531 833 3591 M.

228 3639 248 3700 5
269 3640 401 3701 Trebatii
424 3642 616 3716 cognomina,
636 3661 713 3720 qnae
734 3660 789 3719 per
809 3638 947 3718 copulam
968 3636 1127 3715 deiungit,
1149 3643 1240 3720 quasi

268 3744 368 3827 plures
389 3755 484 3804 essent
505 3747 534 3805 in
555 3767 616 3806 uuo
631 3746 776 3807 Trebatio
790 3745 990 3805 iureconsulti.
1012 3744 1140 3806 Lallem.
1158 3748 1243 3808 Tre·

269 3851 368 3912 batius
388 3851 544 3935 Scaevola,
565 3853 639 3915 alius
654 3875 672 3913 a
685 3852 829 3914 Trebatio
850 3854 955 3930 Testa,
975 3851 1243 3932 quemadmodum

270 3971 353 4043 patet
382 3980 420 4022 ex
446 3960 490 4021 lx
515 3958 555 4022 ad
581 3963 641 4023 au
668 3982 714 4044 ep.
746 3960 932 4043 19lrecuui
963 3957 1020 4040 153
1046 3958 1136 4022 uobis
1165 3984 1243 4025 vero
