2624 4830
249 429 322 526 390
597 445 768 496 rrrsrouu
794 449 889 497 xxrr.
1041 448 1225 514 uren,

204 568 207 575 '
249 551 469 625 conciliasset
493 573 569 620 earu
596 553 806 649 potentiam,
832 548 895 623 aed
919 548 1029 624 forma
1057 577 1121 651 per
1144 553 1249 627 dede-

159 763 162 767 ,
246 702 309 753 cus
321 733 332 777 ,
365 676 550 778 pecuniam
584 687 619 747 et
651 700 781 748 numen
818 675 938 749 nobile
971 677 1248 754 consceleratum

245 802 463 904 impudicitia
492 800 660 874 dedisset:
687 816 819 875 veteres
840 801 1048 906 'vulneribus
1072 818 1113 878 et
1133 819 1246 879 aetate

246 897 426 1003 confectos
458 926 612 1001 Iulianos
646 926 876 1027 gladiatores,
909 942 1050 1028 egentes
1083 930 1247 1034 reliquias

246 1040 402 1129 Caesaris
427 1053 519 1150 ludi,
544 1051 590 1125 ad
615 1053 738 1126 rudem
763 1054 1010 1154 compulisset?
1035 1055 1163 1158 quibus
1189 1056 1246 1130 ille

244 1193 386 1281 saeptus
405 1180 522 1253 omnia
548 1179 725 1275 misrtet,
749 1168 834 1251 uulii
860 1195 1038 1278 parceret,
1066 1180 1131 1254 sihi
1150 1184 1246 1256 vive-

243 1319 316 1404 ret;
345 1307 405 1406 qui
432 1318 609 1405 tamquam
636 1306 672 1376 in
699 1305 808 1378 dotali
835 1307 1059 1380 matrimonio
1084 1334 1159 1381 rem
1185 1334 1248 1409 pu·

243 1433 370 1508 blicam
398 1448 609 1507 testamento
621 1433 777 1531 legatam
795 1435 861 1507 sibi
878 1434 1062 1508 obtineret
1089 1435 1245 1509 Audierit

127 1601 137 1624 ι
244 1559 316 1633 duo
340 1561 438 1632 Decii
465 1561 594 1632 servire
612 1585 672 1632 eus
690 1565 801 1658 cives,
827 1563 903 1662 qui,
928 1574 968 1633 ut
993 1560 1154 1634 hostibus
1180 1563 1243 1634 im·

242 1699 421 1785 peramat,
446 1686 614 1757 victoriae
639 1711 676 1758 ee
704 1684 932 1759 devoverunt.
958 1686 1089 1759 Audiet
1113 1689 1152 1760 C.
1172 1688 1245 1761 Ma-

242 1812 316 1884 rius
341 1811 520 1910 impudico
548 1810 694 1884 domino
716 1837 838 1911 parere
855 1837 939 1911 nos,
957 1813 1014 1914 qui
1034 1839 1079 1885 ne
1098 1813 1242 1886 militem

242 1937 383 2039 quidem
399 1937 528 2011 habere
556 1937 683 2037 voluit,
708 1938 776 2010 nisi
800 1937 979 2037 pudicum.
1005 1939 1135 2012 Audiet
1155 1943 1242 2014 Bru·

240 2077 297 2137 tuc
323 2089 402 2136 eum
430 2063 617 2164 populum,
650 2090 755 2166 quem
781 2064 857 2164 ipse
889 2065 1022 2164 primo,
1047 2079 1132 2165 post
1157 2092 1240 2166 pro·

240 2191 357 2288 genies
383 2192 455 2261 eius
481 2217 499 2262 a
526 2190 663 2288 regibus
692 2189 872 2288 liberavit,
905 2216 971 2290 pro
997 2193 1092 2291 turpi
1119 2205 1242 2293 stupro

240 2314 360 2388 datum
381 2317 414 2388 in
434 2319 647 2389 servitutem.
673 2318 774 2409 Quae
801 2316 961 2417 quidem,
988 2318 1015 2389 si
1040 2317 1138 2391 nullo
1157 2318 1245 2418 alio,

105 2506 108 2515 .
239 2466 296 2513 me
322 2455 439 2513 tamen
466 2443 682 2516 internuntio
715 2443 760 2516 ad
794 2442 871 2518 iilos
903 2444 1061 2517 celeriter
1087 2443 1242 2518 deferen-

238 2577 304 2639 tur.
338 2567 429 2640 Nam
454 2570 481 2640 si
509 2568 611 2642 vivus
637 2572 701 2643 ista
729 2570 966 2670 subterfugere
995 2598 1068 2643 non
1095 2586 1242 2672 potero,

237 2717 306 2763 uua
334 2718 412 2764 cum
440 2695 515 2765 istis
542 2697 650 2768 vitam
676 2697 780 2770 simul
805 2699 921 2798 fugere
949 2697 1099 2770 decrevi.
