2624 4830
240 387 311 484 432)
604 408 867 459 turorrrruurs

207 540 215 557 ·
241 580 244 585 ,
280 544 300 573 α
321 515 377 576 dus
404 535 473 575 curn
497 524 627 597 quotuor
652 510 832 596 legionibus,
859 522 890 573 et
909 512 1025 573 Asinius
1051 504 1149 575 Pollio
1171 522 1237 599 (ep.

281 650 300 679 a
320 621 548 697 Dccxcvur)
574 642 643 681 cum
674 620 811 698 duobus,
838 633 868 681 et
894 619 1021 681 Plancus
1047 625 1079 681 in
1105 622 1238 685 ulteriori

280 759 299 788 a
320 732 417 793 Gallio
437 734 503 813 (en
523 729 679 809 Dcecx)
699 750 768 789 curn
795 729 889 789 tribus
909 728 1089 791 videbantur
1109 735 1237 793 secuturi

280 865 300 895 α
320 851 418 922 partes
439 840 566 899 Antonii.
588 863 606 891 n
627 836 699 897 Beli.
721 837 783 897 Cir.
805 837 862 915 ltt,
885 836 933 913 46.
959 839 1028 899 Mox
1049 838 1157 899 libellis
1177 841 1238 900 einr

277 946 390 1008 hubent
411 945 472 1006 duo
498 944 600 1027 Guel,
625 955 699 1005 teste
723 944 875 1024 Ernestio,
900 955 931 1006 et
956 956 1015 1007 tres
1036 945 1165 1027 Ambb.3
1192 947 1237 1008 elii

277 1054 345 1117 libri
367 1056 465 1137 scripti
487 1065 517 1114 et
538 1056 668 1136 impressi
690 1052 796 1115 libellis
815 1054 887 1113 sur'r.
908 1053 1030 1115 Etiamsi
1045 1077 1117 1115 erues
1132 1059 1239 1118 eteius

277 1166 446 1250 promiscue
465 1165 536 1246 poni
559 1161 667 1223 docent
687 1161 846 1243 Graevius,
866 1161 1002 1223 Sanctius
1015 1174 1046 1224 et
1060 1162 1195 1243 Cortius,
1215 1169 1238 1226 si

279 1272 456 1353 ambiguitas
477 1292 536 1331 non
558 1270 655 1330 obstet
675 1269 799 1350 (confer
824 1270 893 1331 Ter.
915 1269 1024 1346 Hecyr.
1046 1271 1099 1353 lV,
1120 1272 1157 1352 4,
1184 1269 1236 1335 38;

277 1378 378 1440 Mater
395 1379 490 1439 suasit
509 1399 566 1438 ura
586 1385 642 1459 pro
662 1378 723 1435 eim
736 1376 765 1457 )‚·
790 1388 888 1438 tumen
917 1398 1011 1457 quum
1035 1380 1103 1438 msti
1124 1377 1239 1461 aliquot

276 1485 408 1564 foveant,
434 1483 462 1543 id
485 1505 553 1544 cum
580 1483 718 1544 Ernestio
743 1483 931 1545 libentissime
956 1487 1132 1568 recepimus.
1159 1485 1239 1546 luftu

275 1613 351 1675 qrros
372 1626 412 1636 -
431 1593 567 1675 mitteret,
588 1591 716 1673 intellige
737 1594 867 1652 nuncios.

236 1698 256 1761 3
277 1699 407 1761 lnsolcns
427 1698 568 1782 loquendi
589 1697 711 1759 modus:
733 1697 802 1759 hinc
822 1700 869 1760 De
888 1699 994 1761 Franc,
1016 1711 1046 1762 et
1066 1702 1173 1763 Lomb.
1188 1704 1236 1764 Ab

274 1807 374 1870 Allob.
394 1822 422 1868 et
441 1810 527 1868 totius
551 1807 673 1868 Galliae
690 1808 812 1889 populis
839 1807 965 1888 legatum
988 1819 1018 1870 et
1038 1808 1159 1871 Cortius
1179 1812 1237 1873 Al·

275 1917 428 1998 lobrogum
441 1929 469 1977 et
480 1918 567 1977 totius
592 1915 713 1977 Galliae
734 1917 851 1998 legatos,
873 1915 1049 1996 Intelligitur
1063 1918 1160 1979 Gallia
1174 1919 1237 1980 Cis·

274 2024 380 2106 alpino.

233 2132 307 2212 41η
329 2133 403 2195 urbe
424 2132 527 2192 Cicero
547 2153 602 2215 per
622 2131 776 2193 consulum
797 2132 960 2193 absentium
981 2131 1130 2216 populum
1151 2155 1235 2218 rege·

272 2240 325 2301 bet
345 2243 436 2323 (App.
457 2239 528 2300 Bell.
551 2242 613 2301 tir.
636 2242 692 2318 tlt,
712 2239 789 2323 66);
808 2239 891 2323 quod
906 2251 937 2301 et
950 2250 1016 2322 post
1030 2261 1137 2302 eorum
1152 2263 1236 2303 mor·

272 2358 333 2409 tem
354 2346 454 2408 fecisse
475 2347 618 2409 dicendus
639 2360 691 2410 est.

230 2451 252 2516 5
271 2453 386 2516 Ernest.
408 2470 438 2515 et
458 2454 567 2515 Seiriitz
588 2476 623 2515 ex
646 2455 764 2516 duobus
786 2457 871 2517 Guel.
893 2454 1020 2538 (quibus
1041 2456 1120 2519 adde
1140 2471 1233 2521 nostr.

270 2565 418 2645 quinque)
435 2567 583 2644 potueris,
605 2564 688 2645 quod
705 2564 879 2640 consolatio,
901 2576 934 2625 ut
954 2565 1108 2626 Ernestius
1123 2569 1234 2649 iuquit,

270 2666 337 2751 fiet,
357 2692 450 2752 quum
472 2693 520 2731 res
540 2669 604 2731 fieri
626 2693 684 2732 non
711 2677 815 2755 potuit
842 2673 923 2733 Haec
946 2695 1048 2734 severa
1073 2678 1234 2736 ratiocine-

270 2779 332 2857 tio,
359 2797 397 2835 nn
428 2781 559 2860 potuerit
589 2782 618 2838 in
649 2792 777 2841 mentem
804 2785 903 2844 venire
934 2784 1062 2842 auctoris
1094 2794 1233 2845 currente

267 2883 383 2959 calamo
404 2884 571 2963 scribentis,
593 2885 706 2948 dubito.
734 2890 803 2949 Mox
828 2889 931 2950 Lamb.
958 2891 1014 2950 lsoc
1041 2904 1066 2950 te
1093 2893 1233 2954 comela-

268 2991 355 3052 bere:
381 2994 441 3052 sine
470 2998 655 3055 necessitate:
683 2996 734 3055 clr.
760 2995 956 3073 Doederlein,
984 2997 1178 3073 Synonymen
1205 3000 1232 3080 1,

266 3119 296 3182 p.
324 3099 386 3161 153.
408 3101 548 3183 Respexit
567 3102 690 3165 fortusse
711 3105 749 3165 ad
770 3104 825 3165 loc.
847 3126 893 3188 ep.
915 3106 1017 3186 xxti,
1043 3127 1069 3164 r:
1096 3106 1165 3166 Hoc
1185 3129 1232 3166 mc

269 3207 333 3289 ipse
353 3209 540 3270 consolabar.

634 3424 820 3485 DCCCXVI.

230 3652 244 3694 t
266 3630 369 3694 Verba
389 3633 425 3694 Si
443 3636 523 3697 vales
545 3671 583 3684 -
603 3640 686 3701 caleo
707 3640 815 3701 obsunt
836 3662 854 3702 o
875 3639 1231 3706 cod.Rec.eterlll1ed.

227 3756 246 3800 2
267 3737 317 3799 sic
329 3744 420 3802 nostri
435 3764 452 3822 7
469 3755 499 3804 et
517 3744 551 3805 13
568 3767 637 3808 cum
651 3747 757 3808 Lomb.
772 3760 802 3810 et
815 3749 907 3809 Orell.
922 3760 981 3809 tres
995 3748 1058 3830 atii,
1073 3762 1108 3811 ut
1123 3753 1231 3834 vulgo,

266 3858 296 3906 et
314 3851 407 3909 nostri
412 3875 422 3924 ς
443 3851 526 3932 quod
545 3864 645 3917 tumen
665 3878 725 3918 non
749 3868 890 3917 consonat
918 3856 979 3917 aliis
1006 3857 1096 3939 locis,
1124 3873 1160 3920 ut
1182 3883 1230 3944 ep.

265 3951 433 4039 cuttu,
464 3980 474 4019 ι
503 3962 580 4024 med.
607 3978 658 4027 tua
682 3985 775 4026 cartre
797 4001 836 4012 ·-
857 3967 957 4027 luctor.
986 3965 1039 4027 Alii
1070 3979 1131 4028 tres
1160 3992 1230 4029 erun
