2624 4830
244 420 333 494 ,¹90
571 415 737 462 massona
768 418 932 463 ucccxsu.
1047 419 1077 465 a.
1091 422 1125 467 v.
1137 421 1165 466 c.
1182 433 1229 482 ,ιο

310 520 332 592 3
357 520 479 618 ltaque
504 543 611 618 quum
637 516 682 589 ab
707 515 834 590 Rbodo
852 543 930 589 cum
948 518 1004 614 iis,
1020 544 1107 620 quas
1124 519 1256 595 babue-

260 670 391 741 ramus,
415 641 563 716 navibus
580 642 617 714 in
633 643 779 742 Lyciam
795 643 1026 741 venissemus,
1047 669 1156 717 naves
1173 673 1257 720 onc—

260 771 366 844 rarias
391 768 600 868 recepimus,
625 768 843 869 dominisque
867 768 1097 842 restituimus:
1129 771 1256 844 iidem-

260 896 382 998 que²³,
399 894 495 996 quod
516 895 666 966 maxime
691 893 910 992 verebamur,
933 919 980 966 ne
1002 909 1124 994 posset
1146 896 1255 971 Dola-

259 1020 350 1095 bella
376 1047 456 1093 cum
473 1021 545 1092 suis
560 1017 753 1093 latronibus
770 1021 806 1093 in
822 1019 960 1093 ltaliam
977 1021 1113 1121 venire,
1131 1023 1254 1096 timere

263 1147 441 1223 desiimus:
458 1145 602 1220 classem
619 1146 805 1244 lugientem
823 1148 996 1246 persecuti
1013 1174 1133 1222 sumtu
1144 1175 1253 1250 usque

263 1272 382 1347 Sidam
400 1271 442 1372 ²4,
467 1297 556 1374 quae
573 1285 725 1346 extrema
743 1274 837 1370 regio
855 1287 909 1345 est
925 1274 1130 1373 provinciae
1146 1301 1265 1351 meae..

262 1399 314 1472 lbi
340 1400 506 1497 cognovi,
530 1413 665 1499 partem
683 1401 825 1472 ua'viuru
842 1399 1042 1482 Dolabellae
1060 1400 1255 1502 diffugisse,

263 1524 412 1626 reliquas
426 1524 560 1629 Syriam
578 1527 803 1629 Cyprumque
815 1527 848 1575 ¹⁵
865 1526 1015 1625 petiisse.
1032 1526 1172 1619 Quibus
1179 1516 1255 1602 'dis

262 1651 376 1748 iectis,
392 1677 498 1752 quum
516 1651 655 1749 scirem,
672 1650 854 1750 C.'Gassii,
870 1649 1052 1749 singularis
1064 1655 1097 1703 ²⁶
1116 1654 1202 1726 civis
1219 1669 1255 1727 et

264 1776 379 1874 ducis,
402 1773 547 1848 classem
565 1776 749 1850 maximam
768 1775 840 1848 sore
856 1789 997 1876 praesto
1014 1776 1050 1848 in
1068 1776 1183 1878 Syria,
1208 1779 1256 1853 ad

263 1930 378 1976 meum
398 1902 549 1984 officium
568 1903 711 1985 reverti:
729 1900 890 2004 daboque
907 1926 1065 2002 operam,
1080 1917 1122 1977 ut
1138 1930 1255 1978 meum

263 2029 438 2127 studium,
470 2028 684 2127 diligentiam
701 2045 732 2094 ²⁷
758 2026 877 2126 vobis,
902 2031 1021 2102 Patres
1046 2032 1254 2132 conscripti,

262 2157 380 2256 reique
397 2155 557 2255 publicae
572 2167 760 2262 praestem:
778 2155 1046 2255 pecuniamque,
1062 2183 1169 2257 quam
1184 2183 1257 2229 ma·

262 2283 391 2354 ximam
415 2296 558 2381 potero,
583 2296 619 2353 et
643 2307 747 2382 qnam
774 2279 950 2353 celerrime
975 2306 1116 2381 cogam,
1141 2281 1257 2356 omni-

261 2405 397 2507 busque
421 2406 613 2479 rationibus
627 2408 659 2457 ²⁸
675 2407 721 2478 ad
738 2421 802 2480 vo's
826 2408 971 2479 mittam.
996 2406 1032 2479 Si
1049 2433 1257 2508 peccaueru-

244 2532 497 2632 provinciam,
528 2547 564 2604 et
589 2558 805 2632 cognovero,
835 2535 894 2635 qui
926 2532 1031 2615 nobis
1053 2548 1089 2607 et
1113 2536 1163 2607 rei
1188 2561 1257 2636 pu·

261 2655 373 2729 blicae
398 2657 502 2733 fidem
533 2661 780 2758 praestiterunt
812 2660 849 2734 in
881 2659 1120 2734 conservanda
1145 2687 1254 2762 pecu·

263 2784 317 2855 nia
344 2811 364 2856 a
391 2809 445 2864 mc
479 2784 654 2886 deposita,
687 2788 814 2888 quique
839 2786 967 2861 scelere
985 2804 1017 2863 ²9
1042 2787 1135 2860 ultro
1161 2786 1257 2860 dese-

263 2922 378 2983 rentes
397 2912 579 3010 pccuniam
596 2911 792 3013 publicam,
807 2913 875 2988 hoc
893 2940 1035 2987 munere
1051 2915 1256 2987 societatem

262 3036 457 3110 facinorum
473 3065 553 3111 cum
571 3039 752 3121 Dolabella
769 3041 936 3138 inicmnt,
961 3041 1083 3113 faciam
1102 3065 1167 3113 vos
1185 3065 1256 3111 cer·

263 3163 375 3236 tiores.
401 3166 455 3237 De
481 3165 624 3266 quibus,
648 3168 676 3239 si
702 3167 805 3240 vobis
830 3167 1022 3265 videbitur,
1047 3169 1093 3264 si,
1117 3179 1157 3238 ut
1182 3191 1254 3237 me-

263 3288 318 3362 riti
337 3304 434 3390 sunt,
459 3293 608 3389 graviter
628 3294 889 3391 constitueritis,
913 3319 1046 3393 nosque
1064 3306 1179 3364 vestra
1196 3318 1254 3363 au·

263 3418 424 3489 ctoritate
448 3419 667 3492 firmaveritis
686 3423 732 3491 ³⁰:
759 3419 891 3493 facilius
910 3417 1092 3520 etreliqua
1120 3418 1255 3517 erigere

263 3542 462 3639 vectigalia,
493 3560 529 3616 et
561 3561 680 3628 exacta
714 3574 852 3619 servare
886 3546 1085 3646 poterimus.
1118 3547 1251 3617 interea

262 3691 333 3763 quo
367 3670 584 3744 commodius
615 3673 793 3771 vectigalia
830 3675 933 3769 tueri,
966 3673 1249 3772 provinciamque

262 3789 306 3861 ab
332 3792 454 3865 iniuria
480 3794 664 3870 defendere
692 3802 837 3898 possim,
861 3799 1072 3898 praesidium
1097 3821 1248 3871 necessa-

262 3915 350 4001 tium
377 3918 678 4026 voluntariumque
697 3929 726 3991 ³¹.
754 3926 962 4026 comparavi.
