2624 4830
457 429 744 480 onaocoututnvs
1020 411 1091 511 617

165 534 261 604 possit,
283 531 327 584 sed
349 531 381 584 do
401 533 591 602 praedieatione
615 533 777 586 liberalitatis
801 533 1011 588 immoderationi.
1029 536 1076 588 Vi-

165 617 243 668 deant
261 616 356 667 Iudaici
374 618 438 667 ritus
455 617 600 685 peritiores.
619 617 686 668 Ern-

118 697 243 766 'Elesero'e,
261 697 305 749 usti
323 691 419 762 oudin
413 697 566 767 ·Euripidis
584 697 763 750 Xudmmaeba
786 700 822 751 sio
846 698 926 751 babet
949 700 1076 768 integrum

165 783 265 833 loeume
284 778 378 833 Ιλικτὰ
396 799 414 832 se
413 774 537 832 'ettts
525 778 616 850 speie,
633 778 703 833 oillei
716 780 805 833 πάντα
816 780 895 853 πέριξ
908 783 1076 877 φρονοῦντες.

163 881 272 933 quorum
290 881 360 914 mens
377 874 412 914 est
429 865 568 916 r'sesolueris
584 864 760 930 eimumtecm,
784 866 880 934 quique
904 865 1006 916 minime
1023 864 1076 915 siss-

164 943 449 998 ceroeseaudidoestis
460 947 563 1013 mimo,
577 944 623 998 sed
638 958 734 998 seruate
751 949 838 999 omnia
854 947 979 1018 cogitatis.
997 945 1043 1012 Ll,
1064 963 1073 998 ι

165 1027 236 1089 (ΔΙΙ.
255 1027 296 1093 ΙΙ,
314 1027 373 1090 25).
392 1027 458 1078 Em.

117 1105 276 1180 Ἑμβὸλιον,
292 1127 352 1178 pars
370 1108 494 1178 quaedam
510 1109 595 1178 operis
605 1110 637 1163 ub
649 1123 797 1180 mgumessto
806 1111 938 1181 proposito
949 1111 1077 1175 seiuncta,

164 1191 257 1261 ῥῆσις,
275 1208 351 1261 quom
369 1190 482 1242 secundo
500 1191 567 1243 libro
585 1191 617 1245 de
635 1192 770 1245 consulatu
789 1209 836 1245 suo
853 1196 967 1246 inserere
981 1191 1077 1259 cogita·

164 1272 217 1324 bat.
235 1272 351 1338 CXLVI,
369 1290 386 1342 9
403 1272 455 1342 (Q.
473 1273 504 1326 ΙΙ.
522 1272 575 1339 ΙΙΙ,
598 1277 637 1336 Ι).

119 1350 254 1423 Ἐμπικὴ,
273 1353 350 1406 DCLI
368 1356 438 1418 (Att.
457 1353 528 1420 ΧΙΙΙ,
547 1355 579 1407 52
588 1370 611 1423 ),
629 1356 696 1408 male
714 1355 832 1408 redditur
848 1355 875 1408 b.
887 1355 905 1407 l.
917 1357 1016 1410 emutio
1031 1373 1078 1425 per

164 1439 299 1500 vomitum,-
323 1436 355 1488 de
378 1454 429 1507 qua
453 1436 626 1505 Pantagathus
651 1437 811 1508 accipiebat,
830 1439 874 1508 qui
896 1446 924 1491 et
940 1437 1077 1506 legendum

165 1519 319 1570 coniiciebot
334 1531 433 1588 egerat,
459 1519 587 1588 probante
608 1518 720 1572 Genesin
738 1528 765 1572 et
782 1518 906 1572 Conrado.
932 1519 990 1572 Nou
1007 1520 1078 1572 seuit

164 1600 246 1653 doctis
264 1600 409 1654 bominibus
427 1601 453 1653 iu
472 1602 621 1654 memoriam
643 1603 715 1654 locus
733 1620 765 1654 ex
782 1602 829 1654 Or.
850 1620 898 1672 pro
916 1591 1000 1655 Deiot.
1019 1619 1042 1654 o.
1062 1619 1076 1670 7

164 1683 196 1733 ele
213 1683 304 1735 eodem
322 1682 445 1748 Caesare,
464 1682 496 1735 de
514 1701 566 1754 quo
583 1683 625 1734 lrio
643 1701 744 1749 sermo,
769 1683 839 1754 opud
858 1684 1008 1736 Deiotarum
1025 1682 1071 1735 de·

95 1771 101 1826 j
163 1773 292 1818 versante:
313 1767 396 1830 Quum
413 1783 510 1817 semem
524 1777 583 1834 post
598 1784 685 1818 cenum
704 1778 726 1817 te
743 1765 807 1816 selle
825 1764 950 1828 dixisses,
972 1765 1001 1815 in
1021 1764 1076 1816 bol·

162 1866 236 1899 nerem
254 1861 277 1899 te
294 1845 385 1900 discere
400 1859 544 1916 coeperunt.
571 1846 609 1898 Ex
634 1864 687 1918 quo
710 1847 879 1913 intelligitur,
904 1854 962 1916 post
984 1863 1076 1898 cenam

164 1930 196 1981 od
214 1931 337 1982 vomitum
363 1932 410 1982 isse
432 1930 565 1995 homines,
592 1937 622 1980 ut
645 1929 704 1982 cibo
729 1932 813 1981 alvom
832 1936 1019 1994 exonerarent,
1043 1945 1076 1979 no

163 2013 232 2079 lorge
249 2021 346 2065 sumtus
368 2020 482 2065 noceret.
508 2011 597 2065 Celsus
615 2011 642 2076 Ι,
662 2014 694 2063 3:
713 2012 839 2064 Reiectum
864 2029 916 2062 esse
940 2012 972 2062 ab
991 2010 1076 2062 Ascle·

160 2094 236 2162 piade
253 2096 371 2146 vomiuem
387 2093 476 2146 video.-
500 2113 547 2146 nee
563 2093 731 2163 reprebendo,
754 2095 778 2143 si
799 2111 887 2145 eorum
909 2092 1024 2160 offerente
1041 2104 1078 2142 est

163 2177 359 2240 cerensetudiue,
383 2178 430 2246 qui
452 2176 566 2246 quotidie
583 2175 708 2228 eiiciendo
726 2174 837 2227 vorandi
851 2175 1077 2242 fucultotsm¹mo·

162 2259 261 2310 liuntur
278 2296 285 2310 .
303 2296 311 2311 .
329 2294 337 2310 .
357 2259 508 2310 Commoneo
525 2270 623 2323 tomen,
648 2277 681 2308 ne
703 2258 777 2327 quis,
802 2258 849 2326 qui
865 2257 947 2308 volere
966 2269 989 2306 et
1005 2274 1076 2306 sene·

162 2359 230 2393 scere
247 2343 323 2405 volet,
340 2341 388 2393 boc
406 2340 585 2410 quotidianum
602 2341 701 2392 babeat.
730 2342 782 2405 Qui
805 2358 904 2392 vomere
918 2350 977 2408 post
992 2337 1077 2390 cibum
1150 2358 1157 2381 κ

161 2425 226 2475 volet
242 2431 292 2475 etc.
311 2425 348 2475 llo
366 2423 414 2475 buo
432 2424 509 2490 igitur
526 2422 714 2475 consuetudine
737 2440 841 2475 sermoe
867 2422 999 2487 accubuit,
1018 2419 1076 2491 ips-

161 2504 238 2563 τικὴν
257 2508 358 2575 egebat,
377 2505 402 2556 b.
421 2523 443 2556 e.
463 2505 568 2567 volebat
584 2521 690 2557 vomere
703 2512 878 2574 ponteonem,
897 2504 1009 2574 ideoque
1026 2504 1076 2554 lar·

161 2589 215 2655 gius
233 2588 335 2639 edebat
355 2586 426 2639 Adde
445 2587 552 2640 Casaub.
571 2587 604 2639 ad
621 2587 726 2639 Sveton.
745 2586 836 2638 Vitell.
859 2589 897 2638 13.
916 2586 983 2638 Em.

114 2667 335 2740 'Epuoleessiopai
352 2687 405 2722 σοι·
425 2683 505 2722 tecum
523 2688 571 2740 ago
589 2669 780 2739 derepublieu.
799 2668 956 2733 CCXCVlll,
973 2667 1076 2734 4(ΙΙΙΙ.

162 2752 228 2816 ΙΙΙ,
248 2758 289 2819 7).

112 2831 353 2904 Eppeloespsiout,
370 2852 422 2885 suso
437 2834 622 2905 philosophari.
642 2834 757 2900 CXLIX,
775 2835 880 2898 6(ΑΙΙ.
900 2832 946 2896 lV,
969 2831 1024 2893 ι6).

113 2913 525 2986 Ἐναῖνιγμοῑς,οὺεσιιιιάίοιὲε.
538 2917 616 2982 XLV,
631 2919 657 2968 3
650 2916 855 2982 ,CCLXX(Att.
868 2916 901 2981 ΙΙ,
918 2932 961 2982 ι9,
974 2913 1021 2978 ΙΙ,
1034 2916 1075 2980 7.)

112 2991 293 3068 Ενδὸμυχον,
311 3017 432 3051 arcanum
443 2999 473 3050 de
485 3018 512 3050 re
523 2997 667 3052 domestico.
680 2993 769 3064 cclv,
782 2997 854 3061 CCL,
867 2995 1038 3065 9(ΧΙΙ.Ι’,Ι
1031 2993 1074 3059 ΙΙ,

162 3086 222 3142 αι).
248 3080 347 3147 Nempe
370 3079 402 3130 de
420 3082 538 3147 coniugio
556 3081 657 3131 Tulliae
683 3081 760 3147 filiae.
782 3036 947 3148 ΕνδΙμυχον
973 3076 1076 3144 proprie

162 3168 216 3224 est,
235 3160 329 3229 quod'
322 3177 349 3210 sn
368 3162 459 3212 intimo
481 3180 582 3213 recessu
607 3176 638 3212 ao
661 3161 789 3231 penetrali
814 3160 932 3211 abditum
960 3165 1006 3208 ost.
1032 3156 1075 3206 sie

162 3197 311 3337 s'sdbpuxos
330 3245 385 3314 πῦρ
403 3243 495 3293 urebat
514 3243 732 3312 Lennelrumap.i
725 3242 947 3307 blosseom,v.u
932 3239 991 3306 246.
1010 3237 1077 3289 Nom
1135 3250 1139 3261 ’

161 3320 248 3396 μυχός
273 3326 368 3376 dieitur
386 3327 509 3395 cuiusque
528 3328 565 3377 rei
584 3327 711 3377 intimum.
730 3323 791 3375 Vid.
818 3321 915 3392 Sponh.
934 3320 967 3372 sel
984 3320 1075 3370 Iulian.

162 3408 208 3459 Or.
227 3408 254 3473 Ι,
272 3425 298 3476 p.
317 3408 358 3458 68.
377 3408 443 3457 Eun.

113 3488 155 3541 Ἐν
174 3483 302 3559 δυνάμει,
319 3508 375 3540 cum
393 3491 418 3540 vi
435 3502 457 3539 et
474 3488 596 3559 efficacia.
616 3487 786 3554 CCCXLVll,
805 3487 821 3553 4
839 3488 911 3549 (lu.
931 3484 979 3550 IX,
998 3483 1041 3544 6).

113 3569 409 3643 Ἐνιπιρπερευσάμην,
431 3570 557 3621 venditam
579 3590 625 3622 me.
651 3571 724 3637 XIX,
747 3571 763 3621 5
784 3571 856 3632 (tte.
881 3567 904 3634 Ι,
927 3566 982 3632 14).
1002 3565 1076 3616 Vnus

162 3653 268 3703 omnino
286 3653 328 3704 hic
346 3654 417 3704 locus
435 3652 534 3721 profani
552 3653 683 3722 scriptoris
701 3657 753 3718 est',
778 3652 804 3702 in
822 3668 874 3721 quo
898 3650 949 3701 hoc
967 3647 1074 3700 terbum

162 3743 289 3786 occurrat.
308 3734 421 3805 Simplex
441 3743 480 3787 est
497 3735 565 3804 apud
579 3736 696 3787 Paullum
715 3734 748 3787 ad
766 3733 882 3786 Corinth.
901 3734 925 3799 Ι,
943 3751 967 3783 o.
990 3733 1030 3796 13,
1049 3731 1073 3781 5.

162 3816 200 3866 lix
212 3817 292 3868 latino
305 3817 375 3869 sonte
387 3818 493 3869 ductum
506 3835 560 3869 ease
573 3836 624 3870 non
644 3836 732 3872 omnes
749 3817 907 3870 concedunt:
927 3832 1004 3885 quom
1022 3813 1074 3862 vim

163 3897 273 3965 babeat,
290 3915 323 3951 ex
340 3899 390 3951 hoe
408 3899 538 3951 Ciceronis
556 3902 613 3954 loco
637 3901 711 3953 facile
733 3901 891 3968 intelligitur.
917 3899 1002 3950 Dicit:
1024 3895 1072 3945 lle·

157 3976 219 4029 duci
235 3981 370 4049 Ponspeio,
388 4001 453 4033 senso
471 3982 585 4035 meditari
593 4020 600 4047 ,
618 4001 657 4036 me
674 3984 744 4035 omni
760 3983 835 4037 modo
854 3982 944 4036 iactavi
954 3991 977 4030 et
988 3975 1072 4028 erudi·
1139 4034 1142 4040 A
