2624 4830
237 405 309 526 2'96
598 442 767 492 uersroua
792 445 838 492 rr.
1007 442 1037 490 Α.
1058 442 1201 506 ιαμ.

224 551 326 626 Βεῐιο
353 573 425 623 rem
452 546 736 650 pulcherrimam,
758 546 881 618 timore
898 545 1050 648 quodam
1069 547 1227 645 perculsu

233 676 358 752 divitas
383 688 458 751 tota
483 672 529 747 ad
554 687 589 747 te
614 698 651 746 se
677 697 757 746 cum
774 670 977 774 coniugibus
994 685 1029 744 et
1047 671 1165 746 liberis
1182 673 1227 746 ef·

232 791 411 879 fundebat
443 800 579 874 Eadem
605 812 757 872 recreata
783 825 811 872 a.
838 798 870 870 d.
896 798 969 871 Xll
995 796 1071 872 Kal.
1086 799 1228 899 Maias,

232 901 275 1002 te
292 925 362 1001 huo
386 927 525 1025 venire,
556 951 660 1026 quam
690 950 727 997 se
753 923 797 997 ad
823 937 857 996 te
883 926 931 996 ire
957 921 1117 999 malebat.
1145 925 1226 1017 Quo

232 1054 375 1157 quidem
409 1053 467 1126 die
505 1077 708 1150 magnorum
747 1074 904 1123 meorum
941 1049 1098 1124 laborum
1137 1050 1226 1125 mul·

231 1195 415 1282 torumque
441 1177 635 1279 vigiliarum
666 1176 815 1250 fructum
849 1178 926 1277 cepi
959 1178 1165 1276 maximum,
1196 1179 1223 1251 si

231 1306 339 1382 modo
356 1319 409 1378 est
425 1304 548 1405 aliquis
565 1303 696 1376 fructus
722 1329 764 1375 ex
789 1301 900 1375 solida
928 1328 1077 1403 veraque
1106 1303 1223 1401 glorio.

230 1431 321 1506 Num
348 1444 465 1504 tantae
491 1428 734 1525 multitudinis,
760 1442 924 1530 quantam
952 1430 1046 1528 capit
1063 1428 1145 1502 urbs
1163 1454 1224 1502 no·

178 1544 181 1553 ¹
229 1569 320 1656 stru,
344 1579 534 1630 concursus
559 1568 613 1627 est
638 1554 684 1627 ad
709 1543 908 1627 metrorus.
934 1556 988 1628 Ea
1014 1581 1094 1628 cum
1115 1581 1223 1656 usquc

229 1683 267 1759 io
296 1679 509 1783 Capitolium
541 1680 732 1778 deductus,
764 1681 915 1754 maximo
941 1679 1092 1754 clamore
1118 1688 1223 1782 atque

228 1805 352 1911 plausu
386 1807 424 1880 in
455 1806 575 1881 rostrrt
612 1804 802 1879 collocatus
845 1832 931 1879 sum.
969 1805 1064 1880 Nihil
1101 1821 1154 1880 est
1186 1808 1223 1880 in

229 1926 421 2037 meinana:
439 1933 662 2036 nequeenim
688 1930 810 2031 debct3
834 1931 897 2005 sed
923 1946 1040 2005 tamen
1066 1933 1223 2006 omnium

227 2059 392 2135 ordinum
418 2086 625 2159 consensus,
658 2060 845 2159 gratiarum
876 2060 988 2156 actio,
1019 2059 1221 2158 gratulatio·

227 2213 296 2289 que
314 2212 369 2260 me
386 2200 602 2281 commovet3
626 2199 812 2286 propterea
830 2185 926 2287 quod
943 2185 1147 2287 popularem
1165 2212 1221 2259 me

226 2336 302 2385 esse
319 2313 357 2384 in
375 2308 498 2413 populi
522 2310 632 2384 salute
658 2309 875 2411 praeclarum
900 2325 960 2385 est
987 2311 1057 2385 Sed
1081 2311 1169 2386 liaeo
1186 2326 1221 2386 te

219 2435 319 2510 inalo
345 2436 389 2510 ab
415 2436 499 2510 aliis.
525 2438 584 2510 Me
609 2436 716 2520 velim
742 2436 786 2510 de
817 2438 885 2511 tuis
915 2436 1019 2512 rebus
1051 2437 1220 2512 consiliis·

225 2583 293 2662 que
318 2561 423 2635 facias
450 2561 710 2660 diligentissime
736 2563 935 2635 certiorem:
960 2563 1116 2665 illudque
1139 2590 1220 2638 con·

224 2687 372 2787 rideres,
396 2713 440 2761 ne
467 2702 525 2762 tua
545 2687 732 2761 liberalitas
750 2689 951 2763 dissolutior
976 2690 1144 2764 videatur.
1162 2691 1219 2763 Sic

223 2815 331 2887 sentit
356 2828 514 2913 senatus,
539 2815 587 2887 sic
613 2814 763 2914 populus
788 2817 983 2915 Romanus,
1012 2815 1126 2890 nullos
1152 2798 1216 2890 un-

223 2965 328 3040 quam
345 2938 464 3014 hostes
482 2939 655 3039 digniores
673 2942 768 3014 omni
785 2941 957 3042 supplicio
975 2941 1093 3040 luisse,
1110 2968 1216 3043 quam

222 3090 282 3138 eos
308 3066 418 3167 cives,
443 3069 502 3170 qui
528 3067 596 3140 hoo
621 3066 713 3140 bello
740 3084 860 3142 contra
878 3071 1027 3168 patriam
1045 3095 1140 3142 arma
1157 3095 1214 3141 ce-

221 3207 363 3291 perunt:
398 3220 485 3294 quos
518 3194 658 3295 quidem
684 3221 748 3292 ego
775 3195 936 3268 omnibus
961 3196 1142 3269 sententiis
1167 3195 1218 3268 ul·

220 3317 333 3392 eiscor
356 3334 392 3391 et
417 3346 624 3422 persequor,
656 3321 818 3393 omnibus
850 3319 953 3394 honis
985 3321 1215 3420 approbanti·

219 3441 294 3517 bue.
321 3446 376 3518 Tu
404 3447 489 3547 quid
515 3446 650 3520 dehac
676 3473 712 3519 re
738 3449 884 3542 sentias,
916 3447 966 3518 tui
999 3447 1119 3520 iudicii
1152 3462 1214 3522 est.

149 3630 154 3638 .
219 3568 298 3666 Ego
323 3569 373 3642 sic
399 3572 530 3670 sentio,
563 3573 666 3646 trium
699 3572 841 3646 fratrum
877 3597 982 3645 unam
1008 3586 1043 3645 ct
1068 3573 1216 3647 eandem

219 3699 294 3766 esse
319 3721 468 3770 causam.
495 3697 664 3772 Consules
689 3697 796 3795 duos,
827 3697 940 3772 bonos
967 3699 1125 3799 quidem,
1151 3699 1214 3774 sed

219 3817 401 3896 dumtaxat
416 3821 549 3923 bonos,
566 3823 750 3898 amisimus.
774 3823 906 3898 Hirtius
923 3824 1066 3926 quidem
1083 3826 1119 3900 in
1138 3827 1213 3927 ipsa

218 3945 362 4022 victoria
389 3950 536 4049 occidit,
562 3974 668 4052 quum
688 3950 808 4051 paucis
826 3948 949 4025 diebus
968 3978 1095 4050 magno
1113 3979 1213 4054 proe-
