2624 4830
233 433 305 480 nso
521 412 690 479 semrom
716 429 923 482 ncccxtvru.
1011 431 1042 481 s.
1059 432 1093 484 v.
1111 432 1140 482 c
1158 447 1205 496 ,ιο
1231 390 1234 396 ’

232 529 468 632 mehercules,
498 555 565 605 nec
598 532 836 629 retinuissem,
859 532 889 605 si
914 555 986 605 uno
1010 530 1091 608 loco
1108 550 1141 586 ²²
1166 535 1230 610 hc·

230 655 401 757 buissem,
431 670 557 758 utpote
581 683 692 761 quum
720 655 877 756 singulae
903 657 1075 760 quaedum
1100 659 1229 736 cohor·

230 797 290 858 tes¹
308 778 517 859 seditionem
541 783 694 857 fecerint.
720 781 884 885 Reliquus
910 809 1050 885 quoque
1073 783 1228 884 legiones

229 935 304 985 uon
329 894 463 984 destitit
485 908 593 984 literis
619 924 725 1011 utque
748 909 892 982 infinitis
916 908 1228 1008 pollicitationibus

227 1037 381 1110 incitare.
406 1035 481 1110 Nec
506 1060 590 1111 vero
616 1035 732 1108 minus
752 1033 910 1134 Lepidus
929 1036 1016 1108 ursit
1031 1062 1087 1110 me
1105 1051 1141 1110 et
1156 1039 1227 1111 suis

225 1176 265 1236 et
287 1163 433 1236 Antonii
455 1160 579 1259 literis,
605 1173 644 1233 ut
668 1159 842 1257 legionem
859 1160 1066 1232 tricesimum
1085 1164 1116 1211 ²³
1142 1164 1226 1236 mit·

227 1301 337 1361 terem
362 1287 438 1360 sibi.
462 1287 584 1386 Ituque
609 1309 714 1386 quem
731 1285 920 1358 exercitum
936 1309 1049 1386 neque
1068 1286 1217 1360 vendere

227 1410 306 1486 ttllis
323 1412 485 1513 praemiis
503 1409 596 1484 volui
602 1465 613 1510 ,
630 1436 695 1483 nec
708 1399 834 1484 eorum
850 1408 1085 1509 periculorum
1107 1426 1221 1511 metu,

227 1563 331 1639 quse,
355 1535 547 1612 victoribus
565 1534 649 1636 illis,
665 1533 969 1638 portendebantur
982 1533 1024 1634 ²4,
1041 1535 1219 1610 deminue-

227 1689 287 1764 re,
313 1661 447 1737 debetis
478 1662 676 1736 existimare
709 1675 883 1736 retentum
913 1676 950 1737 et
978 1677 1221 1737 conservatum

226 1790 277 1864 rei
294 1787 455 1892 publicae
470 1814 564 1887 esse;
587 1802 692 1891 utque
717 1789 767 1861 ita
792 1787 952 1888 credere,
974 1787 1236 1892 quodcumque.

226 1915 480 2018 imperassetis,
503 1915 680 1989 lucturum
699 1914 822 2012 fuisse,
845 1912 1010 2015 si,quod
1024 1915 1168 1989 iussistis
1181 1917 1225 2013 ⁸⁵,

225 2041 301 2117 leci.
326 2043 416 2118 Num
440 2056 477 2116 et
500 2041 732 2142 provinciam.
746 2041 783 2112 in
808 2040 900 2139 otio,
925 2053 961 2112 et
980 2042 1170 2115 exercitum
1186 2042 1222 2114 iu

223 2193 302 2243 mea
327 2183 501 2270 potestate
516 2169 632 2242 tenui:
659 2164 789 2240 finibus
807 2189 904 2238 meae
922 2166 1124 2266 provinciae
1140 2191 1222 2240 uus

223 2320 329 2396 quum
360 2295 512 2368 excessi:
544 2291 693 2366 militem
726 2316 799 2365 non
831 2287 939 2365 modo
974 2290 1221 2390 legionarium,

121 2406 125 2415 ¹
222 2418 288 2494 sed
310 2443 355 2491 ne
380 2417 597 2492 auxiliarimn
622 2415 764 2518 quidem
789 2415 899 2489 ullum
923 2423 1100 2519 quoquam
1125 2417 1216 2490 misi:

224 2556 274 2642 et,
299 2544 329 2617 si
353 2569 441 2645 quos
458 2543 592 2645 equites
610 2540 818 2616 decedentes
831 2544 864 2595 ²⁶
880 2557 1004 2617 nactus
1022 2570 1117 2643 sum,
1132 2569 1216 2642 sup·

223 2654 330 2769 plicio
346 2668 454 2741 affeci.
475 2671 633 2761 Quarum
649 2693 765 2742 rerum
782 2667 935 2742 fructum
952 2670 1034 2743 satis
1051 2694 1216 2767 magnum

222 2818 261 2868 re
286 2791 425 2893 publica
450 2791 553 2866 salva·
573 2792 692 2866 tulisse
719 2819 776 2866 me
801 2793 944 2894 putabo.
977 2790 1048 2867 Sed
1071 2820 1125 2868 res
1151 2820 1216 2894 pu-

220 2917 313 2993 blica
339 2920 449 2993 sime
473 2920 556 2994 sutis
581 2921 753 3020 novisset,
778 2934 814 2993 et
836 2920 948 2995 maior
965 2946 1045 3021 pars
1062 2934 1219 3017 senatus,

220 3046 369 3120 maiores
393 3071 436 3120 ex
460 3072 516 3119 me
542 3045 675 3121 fructus
700 3045 845 3121 tulisset
873 3045 1087 3148 Epistolum,
1113 3037 1218 3149 quum

218 3171 348 3271 Bulbo,
379 3197 489 3276 quum
519 3173 625 3248 etiam
658 3198 753 3248 nunc
770 3190 801 3242 ²2
827 3174 863 3246 in
893 3172 1075 3274 provincia
1107 3186 1216 3270 esset,

218 3298 359 3400 scripsi,
380 3297 645 3398 legendamtibi
671 3299 767 3374 misi:
793 3299 900 3372 etism
924 3309 1161 3399 praetextum,
1185 3298 1214 3370 si

218 3423 315 3497 voles
331 3423 457 3524 legere,
473 3425 616 3500 Gallum
631 3422 847 3524 Cornelium,
863 3424 1066 3500 familiarem
1081 3448 1216 3520 meum,

218 3550 367 3647 poscito.
390 3551 444 3625 Vl
468 3551 553 3626 Idus
579 3553 715 3652 Iunias,
739 3550 905 3627 Corduba
922 3552 964 3624 ²⁸.
