2624 4830
255 407 330 507 ti9rl
626 432 887 485 aanortrtorss

258 535 411 611 illelom
433 537 510 596 enim
531 546 612 614 sunt,
632 556 709 618 quoe
730 537 906 618 consularis,
930 559 1021 622 quem
1047 565 1132 625 quse
1160 552 1268 613 consul

297 643 431 705 effecisti:
457 663 550 725 quum
571 655 670 705 nmen
696 647 823 706 maxime
849 646 952 707 consul
978 653 1114 730 gesseris.
1142 653 1264 720 iliam

297 750 375 811 Edd.
397 751 452 811 Ito.
473 752 547 813 lens.
567 764 593 813 te
613 753 711 834 ipsum
731 775 756 812 v.

257 856 435 920 5Restitnit
458 860 603 920 Graevius
628 880 665 919 ex
691 858 790 920 multis
814 858 902 922 codd.
933 861 1031 945 idque.
1057 865 1129 948 Ego
1158 869 1265 933 Victo-

296 970 374 1027 rium
395 978 426 1028 et
445 966 511 1027 edri
532 966 612 1028 Med.
634 977 664 1027 et
683 966 787 1027 Lamb.
808 988 934 1053 sequor,
959 970 1069 1052 quibus
1096 974 1147 1037 alii
1172 979 1260 1041 codd.

296 1074 404 1136 serent.
653 1138 660 1153 ,

254 1182 276 1243 6
297 1184 421 1243 Caesare
443 1182 627 1260 dominante,
647 1182 713 1243 luee
731 1181 874 1244 libertatis
888 1187 1021 1246 extincta.
1044 1189 1165 1252 Manae.
1188 1182 1259 1255 Em,

293 1300 326 1351 et
344 1310 424 1373 seqq.
446 1290 484 1350 de
506 1292 674 1351 coniectum
695 1291 814 1351 Graevii
835 1293 980 1354 maximis
1005 1296 1050 1355 rei
1065 1317 1101 1379 p.
1122 1302 1258 1363 tenebris,

254 1398 407 1477 nOmnes
427 1400 517 1458 nostri
540 1410 570 1458 et
590 1398 716 1458 eliorum
737 1397 822 1458 multi
843 1419 911 1459 cum
940 1400 1007 1462 edd.
1034 1423 1080 1485 pr.
1109 1409 1259 1470 servies.

293 1527 400 1565 semus.

251 1610 273 1675 8
294 1614 448 1694 Coniunge
466 1626 493 1674 et
513 1613 577 1696 ille,
597 1633 675 1696 qrrae
687 1634 777 1695 saepe
790 1646 831 1660 -
843 1636 921 1676 nunc
940 1638 999 1678 non
1018 1639 1072 1699 ego
1094 1631 1153 1683 etc.
1177 1625 1256 1684 Tum

187 1758 190 1765 ·
293 1722 398 1783 Lamb.
419 1745 511 1806 qnnm
528 1721 683 1805 profutara
703 1736 810 1783 essent:
832 1745 908 1783 nunc
929 1747 987 1786 non
1008 1727 1064 1786 illa
1083 1749 1148 1810 ego.

253 1852 274 1913 9
292 1831 445 1893 Ernestius
465 1841 496 1891 et
516 1829 670 1891 Sehtitzius
690 1852 728 1891 ex
748 1833 916 1892 coniectura
937 1833 1011 1915 ipso.
1034 1832 1083 1894 Sic
1098 1848 1254 1898 construo:

291 1939 396 2022 Neque
416 1942 494 2001 enim
514 1940 577 2021 ipse
598 1939 686 2018 (ego)
710 1940 814 1999 malim
834 1939 1039 2002 commendari
1059 1941 1173 2004 indicio
1194 1967 1256 2006 om·

291 2048 388 2121 nium,
409 2068 502 2131 quam
521 2060 570 2107 tno
591 2049 677 2106 nnius
697 2047 825 2119 indicim-
846 2045 876 2106 h.
898 2069 923 2108 e.
939 2047 1018 2108 molo
1033 2048 1085 2109 tibi
1102 2071 1255 2114 commen·

292 2156 378 2216 dotus
398 2177 476 2235 esse,
496 2166 531 2216 ut
550 2175 682 2238 mereor,
703 2175 793 2237 Qum
815 2175 869 2236 per
889 2165 919 2215 te
939 2155 1001 2215 eliis
1023 2158 1237 2220 commendari.

255 2284 290 2325 to
311 2263 360 2324 Sic
380 2263 445 2324 cod.
459 2262 645 2345 Mediooeus,
667 2261 791 2323 testibus
804 2262 938 2324 Victorio
953 2275 983 2323 et
998 2263 1108 2348 Orell.‚
1122 2287 1193 2326 eum
1208 2267 1252 2328 ed.

288 2371 363 2452 R⁰·i
390 2370 472 2453 qrrod
493 2371 573 2431 idem
595 2370 686 2430 Orell.
708 2373 833 2452 recepit,
855 2382 885 2430 et
906 2370 979 2430 duas
1000 2390 1088 2432 voees
1108 2396 1164 2434 neo
1184 2396 1253 2435 eon·

289 2483 430 2543 venientia
454 2501 509 2562 pro
530 2501 590 2538 una
613 2477 720 2557 habet,
745 2478 854 2538 scilicet
881 2479 1130 2553 inconvenientiar
1159 2492 1195 2542 ut
1220 2484 1254 2542 sit

289 2611 403 2649 sensus·
427 2589 467 2648 Vt
487 2588 560 2647 baec
581 2598 680 2646 nostra
701 2586 777 2646 facta
798 2607 857 2644 non
873 2585 971 2646 subita
992 2597 1021 2646 et
1043 2590 1251 2649 inconvenien-

288 2700 344 2774 tia,
365 2696 417 2755 sed
438 2695 540 2754 similia
562 2706 615 2754 etc.
639 2695 693 2753 Atti
716 2694 780 2753 libri
797 2716 849 2754 nec
864 2694 1109 2767 inconvenientia,
1133 2707 1162 2757 et
1177 2719 1251 2757 uuus

289 2801 368 2884 opud
382 2803 549 2861 lllanutium
563 2823 615 2860 nee
628 2800 883 2862 disconvenientia.
906 2800 1035 2860 Volebat
1050 2802 1185 2886 cassius,
1200 2826 1249 2881 ea,

288 2931 366 2991 quae
386 2910 540 2968 novissime
563 2919 681 2990 egerat,
702 2908 794 2968 rideri
817 2930 875 2967 non
897 2908 994 2968 subita
1016 2919 1046 2967 et
1068 2909 1252 2971 dissentanea

289 3019 322 3076 iis
344 3016 588 3097 cogitationibus,
612 3037 686 3096 quas
707 3015 777 3076 olim
800 3017 935 3074 Ciceroni
956 3026 1129 3098 operuerat,
1156 3039 1252 3099 neque

267 3112 461 3206 existimari,
482 3145 550 3183 casu
573 3135 603 3183 et
623 3126 684 3183 sine
706 3122 825 3182 consilio
848 3121 937 3203 sacta,
959 3121 1011 3180 sed
1026 3142 1043 3180 a
1058 3125 1169 3184 virtute
1184 3145 1252 3207 pro·

286 3233 378 3315 [eclog
399 3245 433 3293 ut
454 3233 545 3293 fusius
566 3232 688 3316 explicat
709 3231 867 3291 Victorius.
895 3231 1007 3289 Nostra
1022 3229 1132 3310 saeta,
1155 3232 1248 3314 expli·

284 3352 330 3401 cat
351 3342 540 3422 Quartorius,
560 3361 664 3400 necem
686 3339 825 3398 Caesaris.

248 3470 278 3508 rr
304 3449 369 3509 Hoc
384 3461 440 3525 est,
460 3460 560 3532 putes,
582 3471 630 3508 me
644 3470 662 3507 a
677 3459 705 3507 te
726 3451 789 3530 ipso
805 3445 1040 3528 promovendum
1057 3467 1121 3506 esse
1137 3445 1174 3506 ad
1190 3468 1247 3529 pu-

282 3555 358 3616 blica
379 3558 497 3638 negotia
517 3560 570 3634 ita,
595 3567 629 3616 ut
648 3559 744 3639 patrio
767 3555 803 3614 de
825 3575 873 3613 me
901 3557 1027 3635 optime,
1054 3563 1088 3612 tu
1110 3575 1172 3613 non
1193 3576 1247 3637 po-

282 3684 349 3722 rum
371 3684 477 3744 speres.

248 3789 281 3828 rs
304 3769 364 3829 Sed
384 3772 572 3850 quantumvis
586 3790 695 3849 magna
709 3772 906 3849 (imitatorum
921 3767 1087 3831 studiorum
1103 3769 1246 3843 tuorum)

284 3882 320 3939 sit
333 3878 438 3958 tur-bag
459 3899 518 3936 non
540 3887 638 3938 tamen
651 3890 740 3961 puto,
761 3877 869 3938 multos
883 3896 960 3957 esse,
982 3894 1057 3955 quos
1071 3873 1144 3933 mihi
1160 3897 1247 3957 proe-

284 3990 361 4051 fcrre
382 4006 481 4069 queas.
505 3986 638 4067 (letanter.
