2624 4830
251 396 301 474 86
578 408 750 466 naasson
775 411 921 462 ncccxu.
1021 409 1222 479 unc-210

249 523 338 600 scire
363 534 399 594 te
423 517 580 594 arbitror.
605 516 676 590 Sed
700 515 883 591 redeamus
906 509 1046 613 illuc¹⁸,
1061 513 1158 590 unde
1184 514 1245 591 de-

249 648 425 725 vatimus.
450 645 598 747 Accipio
623 643 883 720 excusationem
907 654 1004 716 tuam
1022 641 1066 716 de
1083 642 1248 746 Sempro·

249 742 319 851 nlo.
351 772 594 877 Neque'enim
618 772 741 845 statuti
766 769 852 873 quid
877 770 914 842 in
940 783 1037 843 tanta
1062 768 1248 871 perturba-

249 902 346 977 tione
369 899 499 975 habere
523 898 679 1001 potuisti.
706 897 823 972 Nunc
844 893 905 970 bic
920 895 994 969 dies
1010 896 1122 970 aliam
1141 900 1248 972 citam

248 1025 377 1129 defert,
402 1026 495 1099 alios
520 1049 634 1098 amics
655 1023 838 1126 postulat,
863 1036 903 1096 ut
928 1023 977 1099 ait
1001 1023 1191 1121 ,Terentius
1207 1027 1251 1097 ²³.

250 1152 521 1252 Quamobrem,
533 1152 582 1224 mi
606 1143 755 1248 Quinte,
771 1148 969 1224 conscende
985 1148 1190 1251 nobiscum,
1214 1165 1250 1224 et

251 1280 395 1382 quidem
419 1278 465 1353 ad
490 1279 649 1379 puppim.
675 1277 756 1350 Vna
782 1277 882 1349 navis
908 1277 1056 1348 estium
1073 1275 1248 1353 boncmm

232 1438 235 1444 ·
250 1407 424 1481 omnium:
449 1431 556 1507 quam
572 1403 714 1505 quidem
732 1427 797 1476 nos
815 1402 938 1475 damus
956 1380 1119 1502 operam,
1143 1417 1185 1477 ut
1201 1430 1252 1478 re-

252 1545 346 1607 ctam
370 1545 560 1604 teneamus.
577 1530 721 1602 Vtinam
748 1552 919 1629 prospero
945 1535 1061 1603 cursu!
1086 1530 1158 1604 Sed
1176 1532 1251 1632 qui·

216 1737 221 1751 ,
252 1682 401 1760 cumque
426 1658 524 1729 venti
550 1667 669 1753 erunt,
694 1681 748 1728 ars
774 1667 892 1728 nostra
920 1668 1013 1728 certe
1039 1628 1113 1729 don
1130 1655 1250 1729 aberit.

251 1784 349 1879 Quid
374 1783 467 1855 enim
494 1782 682 1882 praestare
698 1778 795 1854 aliud
811 1781 922 1855 virtus
941 1780 1082 1880 potcstl
1108 1782 1167 1854 Tu
1182 1781 1253 1882 sac,

249 1907 337 1984 ut²t
353 1934 481 2009 magno
508 1887 625 2004 animo
644 1906 690 1979 sis
707 1920 744 2000 et
760 1906 914 2007 excelso,
940 1907 1159 2008 cogitesque,
1177 1935 1251 1982 om-

250 2061 333 2111 nem
360 2035 566 2136 diguitatem
593 2048 688 2107 tuam
707 2035 739 2084 ²⁵
766 2060 845 2106 cum
871 2031 1074 2133 republica
1104 2035 1250 2108 coniun-

252 2177 344 2237 ctam
370 2188 446 2238 esse
472 2160 608 2235 debere.

303 2291 324 2362 3
349 2290 388 2361 P.
402 2289 590 2360 Lucceium
600 2290 633 2338 ²⁶
645 2286 730 2358 mihi
748 2311 864 2359 meum
879 2285 1121 2361 commendas:
1138 2311 1252 2388 querca

253 2411 530 2521 quibuscumque
548 2411 650 2485 rebus
668 2425 807 2512 potero,
823 2412 1005 2511 diligenter
1021 2413 1157 2487 tuebor.
1175 2414 1251 2487 Hin-

252 2538 341 2623 tium
366 2536 508 2640 quidem
535 2551 571 2610 et
597 2540 763 2639 Pansam,
791 2537 940 2637 collegas
966 2551 1106 2613 nostros
1127 2556 1169 2639 ²⁷,
1194 2537 1254 2614 ho-

252 2665 363 2737 mines
388 2665 424 2736 in
451 2663 635 2738 consulatu
664 2666 715 2738 rci
742 2663 902 2765 publicae
929 2664 1115 2765 salutares,
1140 2664 1252 2739 alieno

253 2814 336 2863 sane
373 2804 530 2890 tempore
568 2792 768 2890 amisimus,
802 2817 839 2864 re
877 2789 1019 2892 publica
1049 2793 1252 2866 Antoniano

253 2914 395 3019 quidem
419 2915 603 2990 latrocinio
630 2917 793 3015 liberata,
825 2917 888 2990 scd
917 2916 1075 2994 nondum
1105 2918 1250 2990 omnino

252 3039 441 3142 explicata:
472 3070 578 3145 quam
602 3070 685 3141 uos,
718 3045 747 3116 si
780 3043 917 3143 licebit,
949 3069 1047 3116 more
1073 3055 1202 3117 nostro
1220 3043 1251 3094 ²⁸

252 3166 443 3269 tuebimur,
468 3196 683 3272 quamquam
701 3169 892 3242 admodum
917 3196 1036 3242 snmus
1062 3169 1133 3243 iam
1148 3168 1250 3243 ssdefa·

251 3293 360 3392 tigati.
392 3295 463 3369 Sed
495 3296 588 3369 nulla
622 3295 791 3368 lassitudo
826 3296 994 3395 impedire
1026 3295 1182 3369 officium
1206 3308 1249 3369 'et

250 3419 356 3513 iidem
389 3421 503 3494 (lebet.
531 3424 664 3495 Verum
696 3421 784 3494 lraec
820 3420 999 3504 hactenus.
1023 3421 1079 3494 Ab
1110 3420 1185 3496 aliis
1218 3437 1252 3499 te

137 3624 139 3626 ,
251 3521 295 3615 de
320 3570 393 3641 me,
427 3573 533 3648 quam
557 3575 578 3620 a
602 3574 659 3621 me
684 3549 781 3649 ipso,
815 3543 908 3620 malo
945 3572 1165 3647 cognoscere.
1198 3550 1251 3624 De

252 3680 286 3739 te
302 3669 528 3745 audiebamus
553 3699 611 3774 ca,
636 3701 727 3776 quae
744 3674 895 3745 maxime
913 3672 1088 3747 vellemus.
1114 3648 1170 3748 De
1187 3675 1248 3748 Cn.

249 3792 422 3895 Minucio,
453 3824 557 3898 quem
590 3813 629 3871 tu
663 3796 877 3901 quibusdam
910 3798 1018 3873 literis
1044 3800 1091 3872 ad
1115 3799 1250 3874 caelum

248 3916 408 3994 laudibus
425 3924 592 4023 extulisti,
610 3952 764 4032 rumores
784 3925 944 4000 duriores
963 3940 1068 4001 crant.
1086 3927 1129 4001 Id
1146 3926 1246 4029 quale
