2624 4830
344 452 347 459 ·
470 447 505 494 ui
531 446 711 496 uriarum
1020 424 1095 520 425

134 548 291 636 mirficum
303 547 394 630 sucin
413 550 441 607 ei
462 548 557 610 idest
575 550 754 623 corruicium,
776 568 837 611 vox
853 549 945 633 pleno
962 552 1095 631 gravita-

133 664 179 721 tis.
202 662 223 720 l.
244 660 279 720 F.
301 658 433 719 Gronov.
454 657 504 718 Sic
518 658 663 719 Graevius
677 657 840 739 distingunt:
859 656 1029 722 deturbatus
1041 672 1092 722 eet.

134 769 205 830 Meo
227 803 267 815 —-
287 768 418 828 convicio
439 781 466 826 te
487 777 541 827 etc.
570 766 666 850 Seque
691 768 723 826 in
746 767 847 828 urbem
871 767 1000 849 recepit,·
1013 766 1094 830 idem

133 887 193 956 est,
214 893 248 934 ac
269 877 292 935 si
316 874 445 935 dixisset:
467 876 625 956 imperium
646 877 815 957 provinciae
836 874 952 936 dimisit

97 983 130 1042 13
153 983 246 1061 Quod
260 985 332 1042 meis
346 982 437 1043 literis
452 1003 511 1042 non
525 981 793 1067 obtemperaveri53
814 1004 861 1066 ep.
874 981 1092 1044 DCCLXXIX.

133 1091 250 1151 Mumct.
1096 1074 1101 1085 ,

97 1199 134 1274 14
153 1197 235 1258 Libri
256 1219 359 1258 omnes
369 1219 509 1278 graecum
524 1211 653 1281 tempus5
669 1200 824 1279 nimirum,
844 1217 938 1281 quum
952 1217 1093 1278 graecum

132 1306 257 1367 verbum
278 1306 328 1366 bic
348 1305 515 1367 describere
535 1309 683 1395 nescire&
703 1328 829 1390 operae,
849 1326 977 1367 vacuum
994 1305 1093 1368 locum

133 1413 331 1494 reliquerunt,
351 1416 458 1474 iniecta
478 1425 577 1475 tamen
600 1436 673 1476 voce
690 1436 845 1496 graecum,
866 1413 906 1475 ad
926 1411 1093 1511 significau-

133 1524 222 1605 dum,
242 1521 431 1582 scribendum
453 1543 515 1583 esse
537 1525 567 1583 in
587 1522 694 1583 lacuna
718 1523 810 1584 literis
834 1525 946 1605 graecis
967 1522 1093 1584 verbum

132 1633 281 1691 omissum.
310 1630 387 1690 Hinc
411 1632 508 1712 inepte
537 1630 660 1712 faciam,
687 1634 709 1691 si
731 1631 856 1691 verbum
876 1631 1001 1692 latinum
1020 1632 1093 1692 scri·

131 1737 218 1820 bani,
239 1749 274 1798 ut
293 1736 408 1819 aliquos
423 1737 525 1799 fecisse
539 1738 645 1815 video,
662 1752 795 1819 potrum,
813 1760 918 1820 grave,
932 1740 1092 1820 egregium,

130 1846 177 1907 vel
204 1847 412 1907 necessarium.
441 1847 563 1906 Lacuna
590 1856 634 1907 est
658 1849 690 1906 iu
714 1846 780 1907 cod.
801 1847 872 1907 Rec.
895 1844 1038 1921 Caecum,
1059 1856 1093 1908 ut

130 1954 220 2036 vulgo
241 1953 354 2036 editur,
375 1964 418 2015 est
438 1975 456 2013 a
478 1954 643 2013 Germanis.

96 2059 131 2123 ¹5
150 2061 227 2145 Epp.
249 2061 400 2153 neptia,
419 2060 569 2122 DCCLlX
583 2072 615 2122 et
629 2058 818 2123 DCCLVlIl.
840 2058 976 2133 Hesiae,
997 2061 1093 2143 venti;
1204 2110 1208 2127 .

131 2191 176 2252 ep.
199 2168 349 2249 CCLXX,
370 2190 398 2228 n.
420 2190 448 2251 9.

94 2275 131 2338 16
151 2278 227 2336 Cum
248 2274 354 2336 Lamb.
377 2278 468 2335 nostri
490 2296 605 2355 omnes,
627 2277 696 2337 Rec.
718 2274 779 2336 zet.
799 2275 870 2337 Bet
883 2274 951 2337 edd.
965 2297 1010 2359 pr.
1024 2298 1092 2339 ven·

131 2385 168 2445 tis
189 2385 343 2467 remisque.

94 2512 127 2571 ¹7
148 2491 197 2551 Ex
217 2495 302 2573 vino,
329 2512 389 2573 quo
416 2512 447 2552 se
467 2492 613 2551 Antonius
639 2489 858 2574 ingurgitabat3
880 2487 956 2551 Phil.
978 2491 1023 2575 11,
1043 2489 1091 2553 25.

129 2597 208 2660 Male
229 2598 296 2660 edd.
318 2600 373 2660 Ro.
395 2610 424 2660 et
445 2599 520 2659 lens.
544 2599 709 2660 violentum.

95 2701 130 2767 18
150 2707 282 2784 Scilicet,
304 2706 409 2768 elicere
430 2727 449 2765 a
470 2728 517 2766 me
537 2706 627 2767 vellet
651 2705 764 2787 aliqua,
790 2726 846 2788 per
872 2726 950 2788 quae
972 2726 1093 2768 cauom

130 2835 178 2875 me
198 2813 392 2875 interficiendi
406 2813 539 2875 baberet.
561 2813 606 2874 Cf.
621 2836 668 2896 ep.
682 2814 872 2873 DCCLXlll.
893 2812 949 2874 Alii
964 2827 1024 2874 tum
1037 2814 1095 2875 eli·

128 2944 193 2991 απ
213 2922 303 2982 vellet.
326 2921 396 2982 Mox
411 2943 468 3004 pro
481 2935 602 2983 tentaret
615 2934 675 2982 tres
692 2920 801 2983 Ambb.
823 2942 890 2981 cum
913 2921 980 2982 edd.
995 2923 1050 2983 Ro.
1064 2932 1095 2982 et

130 3030 203 3089 lens.
224 3043 350 3101 tentare,
372 3031 454 3110 quod
475 3029 585 3089 bened.
607 3041 636 3090 et
657 3029 797 3089 Scbtitzio
818 3029 937 3112 placuit

94 3155 130 3218 ¹9
150 3136 185 3197 ln
204 3136 326 3218 laqueos
347 3136 457 3196 scilicet
477 3137 646 3218 Octaviani,
667 3147 702 3196 ut
722 3147 804 3197 tanto
819 3135 933 3197 facilius
948 3139 1013 3220 capi
1029 3157 1097 3219 poe·
1193 3156 1196 3163 ·

131 3253 190 3325 set,
211 3255 242 3304 et
263 3265 280 3303 a
301 3264 361 3324 quo
384 3264 557 3326 oppressum
572 3246 607 3303 iri
621 3240 760 3325 sperabat
780 3244 894 3304 Cicero.
918 3241 1040 3303 Conieci
1051 3252 1096 3303 est

130 3371 167 3410 ex
181 3350 401 3412 emendatione:
423 3372 494 3410 num
507 3348 574 3410 libri
588 3350 832 3433 omnesuonfici,
848 3350 932 3431 quod
945 3349 1094 3409 Victorius

129 3469 159 3520 et
179 3460 299 3520 Cortius
321 3458 501 3538 defendunt,
522 3459 744 3519 contradicente
764 3457 910 3520 Ernestio.

91 3586 130 3627 ιο
150 3566 256 3627 Lamb.
271 3588 406 3628 summae
420 3569 463 3627 rei
476 3569 667 3650 comparavit.
689 3565 733 3626 Cf.
749 3565 788 3625 ad
805 3587 850 3648 ep.
865 3563 986 3625 Decet
1003 3586 1031 3624 n.
1050 3585 1093 3648 ¹9·

131 3673 320 3734 Praesidium
331 3710 372 3719 -
385 3675 582 3757 comparavit;
596 3674 664 3734 vide
679 3672 717 3733 ad
733 3695 779 3757 ep.
794 3672 971 3732 DCCLXIV
985 3674 1020 3733 in
1032 3681 1095 3733 not.

88 3798 124 3837 αι
147 3779 257 3840 nmbb.
279 3781 355 3865 duo,
375 3782 435 3844 Zel.
455 3783 480 3843 B
501 3795 532 3844 et
552 3782 620 3843 edd.
641 3784 697 3842 Ro.
720 3783 794 3843 lein,
815 3793 885 3842 acta
905 3792 980 3840 swtt.

89 3905 127 3945 22
150 3887 199 3948 Sic
219 3888 324 3950 melius
338 3893 429 3951 nostri
445 3912 567 3971 omnesi
583 3890 642 3951 zet.
664 3890 703 3967 B,
723 3890 794 3951 llee.
809 3910 878 3948 curn
894 3887 973 3948 Vict.
986 3884 1093 3946 Lumb.

126 3995 289 4056 benedicto
309 4009 340 4057 et
360 3998 453 4061 Orcll.
474 3999 575 4082 Vulgo
595 3997 751 4059 redeamus
770 3995 815 4057 ad
835 3994 919 4057 illud.
945 3995 1018 4055 Mox
1038 3992 1093 4053 de-

129 4103 277 4181 vertimus,
298 4117 332 4164 ut
353 4104 423 4166 alias
444 4127 512 4167 cum
534 4127 601 4166 mss,
624 4104 778 4185 dedimu⁸3
799 4103 890 4184 vulgo
918 4100 1094 4162 divertimus.
