2624 4830
457 449 493 498 ru
519 451 701 501 mrsroms
902 432 923 534 q
1003 428 1075 532 427

118 560 163 617 vel
178 558 315 617 similem
336 558 392 616 lvoo
413 567 541 636 teurpoue
559 554 598 614 ab
620 555 667 613 lais
687 551 821 613 rideatur
839 553 903 613 clici
920 573 1016 615 carisa
1036 554 1078 615 ai-

119 665 309 737 titulationis,
330 664 451 723 rnullem
465 664 629 725 mehercule
641 676 722 723 utum
743 660 902 734 iudicium
920 662 968 724 vel
987 665 1017 725 si
1035 676 1078 723 ta·

119 796 185 834 meu
206 775 280 833 haec
300 773 438 854 tenrpon's
458 770 612 832 videantur
629 771 691 831 dici
710 792 819 844 emisa,
840 772 961 833 mallem
980 773 1012 833 in
1031 793 1078 835 me

119 897 137 941 t.
159 884 195 956 ιζ,
217 880 265 942 vel
284 881 376 957 malle
396 901 441 939 me
461 893 480 939 t.
502 880 535 962 i,
556 882 603 941 cui
625 882 760 964 proxime
781 879 957 940 Lambinus:
979 878 1016 940 Si
1035 894 1078 943 ta·

117 1012 182 1049 men
203 992 277 1050 haer
297 989 436 1070 temporis
455 1008 550 1048 causa
570 987 633 1049 clici
651 987 813 1067 videantur,
839 989 944 1048 omlim
963 989 1078 1049 oreber-

118 1097 183 1157 rule
204 1110 222 1155 l.
246 1097 265 1155 ι’.

78 1207 96 1265 3
117 1204 191 1264 Nihil
214 1225 303 1281 curo,
325 1213 426 1264 utrum
453 1201 628 1287 impediant,
655 1206 814 1286 quominus
837 1203 967 1264 honores
992 1207 1024 1265 in
1043 1222 1077 1266 re

117 1311 199 1395 pubi.
232 1332 387 1393 assequar,
414 1310 505 1371 modo
531 1332 591 1372 non
618 1296 800 1395 impediant,
827 1313 986 1394 quominus
1012 1329 1078 1372 rem

118 1420 200 1501 publ.
221 1419 354 1480 liberem.

77 1530 98 1603 4
119 1527 164 1586 Ad
186 1549 231 1609 ep.
252 1526 415 1603 DCCCXl,
436 1537 498 1587 not.
520 1527 549 1585 3.

76 1633 97 1694 5
118 1635 166 1694 Sic
187 1635 248 1694 fere
269 1645 338 1696 vett
359 1633 463 1711 codd,
484 1644 557 1695 teste
571 1633 721 1716 Victorio,
742 1644 772 1693 et
792 1633 963 1716 intelligitur
975 1635 1078 1696 vacui·

118 1754 162 1802 tas
182 1764 200 1801 a
221 1740 399 1802 consulibus.
422 1741 479 1802 Alii
499 1740 586 1802 codd.
615 1744 675 1802 sive
701 1744 811 1821 nostri,
837 1744 898 1802 sive
923 1740 1004 1802 alior.
1031 1739 1078 1803 vel

117 1850 234 1933 legunt,
255 1850 301 1911 vel
319 1849 478 1931 legendum
493 1836 676 1910 suadeot‘ex
696 1852 824 1931 vestigiis
844 1850 992 1911 vacuitas.
1013 1850 1079 1910 Vox

118 1969 218 2019 tamen
238 1969 365 2040 utraque
386 1969 529 2041 suspecta.
551 1957 606 2017 Alii
627 1960 756 2039 novitus,
777 1967 812 2017 ut
831 1958 940 2018 Graev.
956 1978 1013 2018 sec.
1026 1970 1079 2018 ura

119 2088 216 2127 rerum
235 2069 356 2127 novitus.
378 2065 530 2126 Corradus
543 2064 664 2126 volebat
676 2078 727 2125 tua
740 2067 865 2136 coritas,
885 2065 995 2125 scilicet
1007 2083 1079 2146 erga

119 2175 278 2235 Octavium
293 2186 442 2257 potentem
459 2174 660 2255 consulatum
675 2186 705 2235 et
717 2172 846 2255 Madvig.
860 2192 955 2234 vacua
968 2171 1078 2234 civitas.

78 2280 99 2341 6
118 2282 183 2366 Est,
205 2282 294 2343 literis
316 2280 466 2364 mandari,
487 2280 576 2342 credi·
599 2281 803 2364 Suspicionem
818 2293 918 2342 autem
933 2279 970 2342 de
985 2278 1078 2340 Octa·

117 2393 204 2451 vinno
225 2388 384 2470 significat,
405 2393 455 2471 qui
477 2391 661 2450 consulatum
688 2391 788 2472 petiit,
815 2410 903 2472 quem
932 2372 1090 2471 adeptus‚'

117 2501 230 2579 patriae
250 2497 361 2558 bellum
384 2498 488 2558 intulit
512 2497 616 2558 (ἔπιον.

79 2604 205 2685 7llmb.
238 2604 258 2664 6
286 2626 413 2689 parvam
445 2625 525 2665 man.
556 2606 637 2664 Tum
673 2605 799 2664 militum
830 2603 977 2665 edidimus
1009 2624 1079 2665 cum

119 2713 248 2773 Graevio
273 2724 302 2772 et
328 2733 424 2794 seqq,
449 2715 519 2793 quia
545 2712 650 2773 milites
676 2733 731 2794 per
756 2711 958 2773 excellentiam
985 2710 1078 2772 dictos

118 2823 282 2881 invenimus
304 2822 380 2902 ipsos
397 2803 527 2902 pedites,
548 2823 570 2879 si
592 2841 660 2879 cum
679 2821 792 2902 equites
812 2822 961 2900 iungitur,
981 2829 1016 2880 ut
1031 2838 1078 2901 ep.

118 2928 312 2987 Dcccxxv
333 2938 400 2987 onte
423 2926 499 2987 med.
520 2928 685 3009 complores
706 2928 831 3000 milites,
851 2940 879 2988 et
897 2927 1024 3008 eqrvitesq
1049 2936 1079 2987 et

118 3034 332 3094 DCCCXLVll
355 3046 423 3094 ante
451 3033 528 3094 med.
555 3053 614 3094 uon
644 3034 728 3094 miles
759 3035 862 3110 ullus,
886 3055 945 3095 nou
968 3052 1078 3115 eques,-

120 3142 201 3223 quod
222 3146 280 3202 iam
302 3143 446 3203 Graevius
467 3145 590 3202 monuit.
612 3142 748 3203 Olivetus
769 3141 894 3223 aliique,
915 3144 1026 3224 pariter
1046 3159 1081 3203 ex

121 3249 224 3327 codd,
242 3249 384 3331 peditum.

79 3354 99 3419 8
121 3357 276 3419 Ventidius
297 3376 457 3418 excurrens
478 3357 507 3415 in
522 3355 664 3416 deductos
678 3376 696 3415 a
710 3355 836 3415 Caesare
851 3354 996 3430 colonias,
1009 3356 1081 3438 quia

119 3465 159 3525 ob
182 3468 319 3527 virtutem
341 3476 429 3524 notus
449 3466 593 3524 veteranis
614 3474 694 3540 emt,
716 3474 774 3523 tres
795 3464 967 3544 conscripsit
987 3461 1081 3543 logio·

118 3592 186 3649 nes,
213 3593 281 3632 cum
310 3575 401 3654 iisque
428 3571 466 3630 ad
490 3574 650 3631 Antonium
678 3573 776 3652 venit3
805 3590 852 3653 ep.
872 3568 1080 3650 DCCCXXV3

120 3682 194 3762 App.
216 3680 287 3740 Bell.
311 3681 372 3740 Civ.
396 3680 453 3759 ΙΙΙ,
472 3677 527 3757 66,
548 3676 596 3742 80.

79 3806 100 3870 9
121 3786 216 3847 Codd.
237 3787 350 3870 aliquot
369 3789 536 3870 recipimur.
556 3788 630 3848 iilox
650 3785 755 3847 Lamb.
782 3784 956 3848 coniiciebat
976 3798 1005 3849 et
1022 3803 1080 3847 ex·

121 3897 325 3968 cordonibus,-
347 3908 377 3958 et
397 3896 518 3959 iuferius
538 3895 625 3958 Amb.
651 3896 688 3972 td
707 3916 744 3956 ea
763 3908 854 3958 vaetet
873 3895 950 3956 locu

87 4021 123 4059 vo
143 4002 248 4065 Noster
273 4024 306 4066 ια
329 4005 527 4087 impvrlv'ssem5
553 4005 588 4065 1³
611 4024 679 4065 cum
700 4002 768 4065 edd.
789 4002 845 4063 lto.
864 4013 895 4062 et
909 4003 982 4061 lena
1003 4021 1083 4059 rour-

121 4110 253 4189 palleret.
