2624 4830
282 391 350 468 ran
483 477 485 482 ,
559 413 730 467 arrarum
755 374 993 466 ncccxrvurs
1050 414 1137 469 nv.
1153 417 1183 466 c.
1200 430 1246 482 ,n

616 645 915 720 ucccxxvnt.
1004 686 1059 746 (Μ
1074 686 1129 734 m„
1144 687 1186 747 x,
1201 688 1246 745 η)

275 821 494 902 Argnmentrun.
515 823 601 906 dgrie
620 821 792 884 dividuudie
812 823 941 885 Plancus
960 823 1083 907 praefici
1109 824 1268 908 cupiebat,

316 931 363 989 cui
384 929 477 991 eade
497 951 530 991 rc
550 930 656 995 Cicero
676 929 845 1013 respondet.

452 1155 506 1206 sa.
525 1153 619 1207 am
636 1157 668 1208 ι.
685 1153 718 1206 v.
736 1153 766 1208 c.
784 1153 889 1220 uccx,
908 1171 994 1207 meme
1013 1154 1089 1207 nan.

605 1342 749 1408 CICERO
774 1341 931 1407 PLANCO

319 1532 363 1604 In
388 1532 544 1604 tectio
569 1530 700 1630 collega
726 1531 838 1604 omnia
868 1554 949 1630 apes
979 1545 1032 1603 eat
1051 1548 1075 1628 ¹,
1098 1532 1175 1605 Diis
1200 1558 1260 1632 ap-

269 1656 509 1757 probantibus.
532 1655 731 1731 Concordia
746 1669 861 1730 vestra
878 1670 904 1754 ²,
930 1681 1018 1757 quae
1043 1659 1179 1730 senatui
1204 1657 1264 1730 de-

271 1782 398 1858 olarata
423 1783 530 1857 literis
556 1785 679 1858 vestris
709 1797 781 1881 eet,
811 1783 955 1856 mirifice
989 1796 1025 1855 et
1056 1798 1197 1856 senatus
1229 1797 1264 1856 et

271 1925 397 1985 cuncta
415 1912 535 1985 civitas
552 1909 723 1986 delectata
745 1923 820 1983 eat„⁴
834 1908 943 2004 Quod
967 1908 1013 1980 ud
1038 1935 1094 1981 me
1120 1911 1264 2010 scripse-

269 2063 326 2112 ras
344 2037 441 2112 dere
458 2040 588 2138 agraria
606 2041 638 2109 ³:
664 2039 695 2112 si
721 2034 899 2111 consultus
924 2049 1065 2109 senatus
1090 2051 1200 2134 earet,
1225 2049 1262 2108 ut

165 2167 172 2185 ⁸
270 2137 414 2266 quisque
439 2165 824 2240 honorificentissimam
850 2162 894 2235 de
919 2176 955 2236 te
980 2165 1189 2235 seutentiam
1215 2163 1265 2236 di-

269 2292 392 2386 xisset,
417 2317 493 2363 eam
510 2306 649 2364 secutus
666 2316 794 2364 casem:
813 2290 872 2390 qui
890 2302 984 2362 certe
1001 2314 1066 2387 ego
1083 2289 1224 2364 fuissem
1233 2288 1258 2361 l.

269 2414 339 2488 Sed
371 2429 516 2516 propter
547 2416 746 2490 tarditatem
779 2417 1028 2488 sententiarum
1059 2440 1262 2519 moramque

267 2569 399 2642 rerum,
425 2569 532 2646 quum
557 2569 615 2642 ea,
640 2568 731 2644 quae
757 2520 1044 2640 consulebantur,
1069 2542 1117 2615 ad
1133 2544 1261 2616 exitum

266 2693 340 2742 non
368 2669 610 2771 pervenirent:
641 2666 964 2742 commodissimum
995 2667 1080 2740 mibi
1113 2668 1261 2742 Planco-

261 2820 334 2896 que
363 2795 460 2869 fratri
494 2796 606 2869 visum
645 2808 698 2869 est
732 2796 784 2867 uti
816 2819 859 2867 eo
876 2795 908 2892 ⁵5
934 2792 1029 2895 quod
1063 2821 1108 2868 ne
1141 2809 1263 2869 nostro

265 2920 432 2994 arbitratu
449 2935 737 3021 componeretur,
762 2921 839 3021 quis
863 2918 967 2994 fuerit
991 2920 1266 3019 impedimento,

265 3045 415 3122 arbitror
439 3059 474 3120 te
499 3072 542 3120 ex
565 3046 687 3120 Planci
720 3045 828 3119 literis
854 3047 1069 3144 cognovisse.
1095 3044 1167 3118 Sed
1192 3046 1261 3118 eive

264 3174 302 3249 in
326 3187 465 3247 senatus
491 3172 652 3248 consulto
664 3229 674 3271 ‚
697 3174 771 3246 sive
795 3173 833 3244 iu
858 3173 982 3246 ceteris
1007 3171 1112 3245 rebus
1132 3170 1263 3246 deside·

262 3326 319 3375 raa
344 3299 494 3402 aliquid3
519 3301 570 3374 sic
595 3300 660 3374 tibi
687 3297 878 3400 persuade,
906 3312 1040 3374 tantam
1066 3324 1143 3372 esse
1170 3294 1262 3398 apud

263 3450 386 3499 omues
402 3425 517 3501 bonos
546 3426 597 3499 tui
624 3426 823 3522 caritatem,
848 3437 889 3497 ut
912 3423 1047 3497 nullum
1064 3451 1173 3523 genus
1189 3449 1261 3496 am·

260 3547 436 3646 plissimae
469 3551 651 3650 dignitatis
684 3551 872 3649 excogitari
905 3553 1039 3653 possit,
1072 3549 1168 3651 quod
1201 3548 1260 3621 tibi

259 3695 335 3745 nou
359 3689 525 3772 paratum
551 3680 604 3752 ait.
630 3679 765 3753 Literas
792 3691 869 3750 tuas
895 3676 1120 3751 vehementer
1140 3699 1258 3773 exspe-

263 3810 338 3895 cto,
362 3813 398 3872 at
425 3801 569 3901 quidem
595 3802 699 3902 talea,
727 3803 846 3905 quales
872 3805 1020 3875 maxime
1038 3817 1136 3903 opto.
1164 3798 1260 3872 Vale.
