2624 4830
522 424 568 473 tn
592 421 754 474 aanscvtt

560 611 641 669 Luna
658 612 707 673 VI.

176 811 186 850 t
228 788 332 866 Accepi
352 801 411 844 tuas
430 787 523 845 literas
1011 788 1114 848 CCLII

171 901 189 939 a
227 880 324 950 Quum
344 878 522 953 Philogenes,
540 876 657 935 libertus
1001 879 1116 939 CCLVI

171 970 190 1031 3
229 972 289 1028 Etsi
308 970 347 1026 nil
367 988 432 1026 sane
452 969 590 1025 habebam
973 970 1116 1030 CCLXIV

176 1065 196 1132 4
234 1060 354 1116 Tarsum
373 1058 500 1115 venimus
518 1057 618 1114 Nonis:
946 1055 1118 1117 CCLXVIII

174 1148 192 1206 5
229 1148 310 1204 Nunc
329 1146 442 1223 quidem
461 1147 583 1224 profecto
602 1146 710 1204 Romae
728 1165 759 1204 es
779 1165 836 1223 quo
972 1145 1118 1204 CCLXIX

172 1238 204 1305 6,
231 1238 290 1312 Ego
310 1234 377 1291 dum
396 1236 425 1291 in
443 1237 587 1313 provincia
947 1234 1118 1293 CCLXXVI

173 1346 191 1404 7
231 1325 353 1396 Quintus
372 1323 445 1379 filius
463 1324 511 1400 pie
530 1343 596 1379 sane
788 1341 793 1349 ·
986 1321 1118 1379 chxx

173 1414 192 1469 8
231 1413 326 1483 Quum
345 1412 524 1469 instituissem
545 1411 580 1467 ad
599 1423 626 1468 te
645 1430 696 1468 ser.
946 1411 1119 1468 CCLXXXI

174 1520 195 1577 9
232 1501 267 1555 ln
286 1499 399 1558 Piraeea
417 1521 504 1576 quum
523 1499 641 1558 exissem
933 1497 1120 1559 CCLXXXII

554 1676 634 1734 Lim
653 1677 718 1736 VII.

177 1874 188 1911 1
229 1853 368 1909 Dederam
385 1852 516 1929 equidem
533 1849 566 1908 L.
587 1854 698 1910 Saufeio
916 1851 1116 1912 CCLXXXIV

174 1962 192 1999 α
231 1942 411 1998 Brundisium
429 1940 558 1998 venimus
846 1928 853 1943 ‘
973 1941 1119 1997 ccxcrn

174 2031 193 2088 3
230 2031 263 2086 A.
282 2030 309 2085 d.
328 2030 397 2088 VIII
415 2030 483 2085 Idus
501 2029 634 2086 Decemb.
976 2030 1121 2090 CCXCIV

176 2121 194 2191 4
232 2118 410 2196 Dionysium,
429 2118 588 2194 flagrantem
991 2118 1121 2178 CCXCV

175 2208 195 2269 5
231 2209 332 2267 Multas
351 2230 407 2267 uno
424 2223 549 2287 tempore
568 2209 664 2287 accepi
683 2209 813 2287 epistolas
833 2224 897 2268 tuas
977 2210 1121 2270 CCXCVI

174 2305 195 2362 6
231 2302 316 2359 Plane
336 2303 413 2360 deest
432 2303 507 2380 quod
527 2303 562 2360 ad
581 2316 609 2360 te
628 2303 709 2361 scrib.
963 2303 1122 2360 CCXCVII

176 2413 195 2470 7
232 2396 398 2468 Dionysius,
417 2397 460 2449 vir·
477 2397 595 2467 optimus
950 2391 1121 2451 CCXCVIII

176 2480 194 2538 8
233 2479 309 2552 Quid
328 2500 399 2557 opus
418 2493 458 2538 est
477 2480 513 2537 de
532 2481 669 2558 Dionysio
933 2538 936 2543 ,
977 2479 1121 2537 CCXCIX

139 2634 144 2643 ι
175 2588 196 2647 9
233 2568 418 2640 Quotidiene,
435 2568 544 2644 inquis,
564 2590 580 2625 a
600 2581 627 2626 te
1047 2567 1121 2623 CCC

160 2676 195 2714 ιο
232 2655 331 2713 Subito
351 2655 497 2713 eonsilium
517 2658 593 2734 cepi,
613 2669 642 2715 ut
661 2668 809 2735 antequem
828 2654 935 2713 luceret
1003 2655 1122 2711 CCCIII

160 2764 191 2802 ιι
233 2746 360 2816 Quaeso,
378 2745 447 2822 quid
465 2744 520 2804 hoe
539 2746 600 2804 esti
1005 2743 1122 2801 CCCIV

162 2851 194 2892 sa
231 2832 322 2917 Vnam
341 2833 433 2891 adhue
452 2855 467 2890 a
486 2847 513 2891 te
532 2836 612 2913 epist.
1022 2831 1122 2892 CCCV

162 2920 196 2979 13
232 2921 274 2978 De
292 2921 486 2979 Vennonianis
504 2922 589 2981 rebus
992 2919 1123 2979 CCCVII

161 3013 196 3081 ¹4
233 3009 266 3065 A.
285 3008 313 3064 d.
330 3010 372 3069 VI
391 3010 452 3067 Kal.
471 3010 555 3068 Febr.
978 3008 1121 3067 CCCVIII
1147 3049 1149 3053 t

160 3097 195 3156 15
232 3097 272 3154 Vt
290 3096 325 3153 ab
345 3098 414 3155 urbe
433 3098 562 3167 discessi,
581 3100 690 3157 nullum
710 3100 802 3157 adhue
822 3099 869 3155 int.
1004 3094 1122 3153 CCCIX

163 3187 198 3245 ιθ
235 3183 343 3266 Omnes
361 3184 479 3243 arbitror
497 3187 568 3243 mihi
1004 3182 1124 3240 cccxl

160 3294 194 3352 ¹7
233 3273 312 3328 Tuae
330 3270 425 3329 literae
444 3274 513 3329 mihi
533 3286 624 3350 gratae
976 3270 1122 3329 CCCXIV

161 3360 195 3421 18
237 3361 343 3431 Quarto
361 3359 432 3417 Non.
451 3360 620 3417 Februarias
990 3357 1123 3417 CCCXV

163 3470 196 3526 ¹9
233 3448 309 3504 Nihil
327 3448 434 3517 haheo,
453 3450 529 3526 quod
548 3450 584 3506 ad
602 3464 630 3508 te
649 3471 701 3508 sor.
975 3446 1122 3505 CCCXVI

158 3557 195 3595 ao
232 3539 474 3613 Breviloquentem
495 3539 547 3594 iarn
568 3560 613 3596 me
632 3554 743 3617 tempus
762 3541 855 3616 ipsum
965 3536 1123 3594 CCCXVII

159 3646 191 3684 21
233 3628 275 3682 De
295 3626 373 3682 malis
391 3630 493 3684 nostris
513 3640 542 3683 tu
561 3629 640 3704 prius
951 3625 1124 3683 CCCXVIII

159 3733 195 3771 aa
233 3713 337 3770 Pedem
356 3716 384 3770 in
404 3715 482 3771 Itaiia
502 3715 585 3774 video
974 3712 1119 3771 CCCXIII

145 3800 195 3867 ,23
234 3803 340 3874 Quinto
359 3802 425 3860 idus
444 3803 527 3859 Febr.
546 3806 657 3883 vesperi
676 3827 692 3862 a
712 3803 862 3865 Philotimo
987 3800 1118 3859 CCCXX

161 3893 198 3961 24
235 3888 377 3947 Philotimi
396 3891 491 3948 literae
511 3911 556 3949 me
976 3887 1123 3947 CCCXIII

156 3977 193 4035 25
231 3978 326 4049 Quum
345 3979 483 4037 dedissem
503 3980 538 4036 ad
557 3993 584 4038 te
603 3981 642 4039 tit
960 3976 1121 4035 cccxxn

160 4067 196 4123 26
233 4066 294 4124 Non
313 4069 388 4126 venit
407 4069 481 4129 idern
503 4089 556 4129 usu
575 4070 645 4129 mihi
950 4064 1124 4123 cccxxsst
