2624 4830
237 370 310 472 474
601 389 857 439 assertatores

275 520 335 581 pn,
355 497 436 577 quod
452 499 526 555 mire
539 493 667 574 quadrat
680 494 855 571 sententiae,
876 489 906 549 li.
919 512 945 551 c.
959 499 1192 579 praepotentia,
1212 510 1248 558 ut

276 628 322 689 ep.
342 603 489 685 DCCLX,
510 622 537 662 n.
559 600 588 661 8.
610 601 775 670 Manutius,
797 600 959 678 Graevius,
977 598 1156 684 Eurcstius,
1185 605 1246 665 alii-

275 734 334 796 que
357 712 507 794 polenum
534 708 600 769 libri
626 710 725 790 scripti
753 707 815 767 lere
843 728 946 768 omncs
967 710 1132 789 partiminii,
1160 714 1244 791 quod

275 842 337 881 esse
358 839 417 878 non
438 829 549 901 potest:
572 820 621 898 qui
644 819 721 875 eninr
736 818 850 896 patiens
872 827 931 891 cst,
953 820 1073 875 inim-im
1098 820 1171 897 lert,
1196 846 1221 879 u·

274 949 333 1010 qne
353 925 530 988 contumelia
550 923 640 984 allicit
661 927 740 983 viros
761 922 949 987 clarissimos,
965 936 996 984 ut
1011 925 1123 985 llbodii
1137 927 1243 988 fecisse

275 1035 420 1096 dicuntur.
442 1035 516 1094 ltem
538 1032 647 1092 Sclriitr.
669 1033 818 1110 ingeniose
838 1045 866 1092 ct
884 1054 962 1091 nuuc
981 1054 1075 1114 qurrm
1103 1037 1244 1095 maxime

273 1164 328 1205 nos
347 1143 692 1223 magistramsgrrr1um3
714 1138 842 1200 Lentulo
863 1139 962 1201 sicile
983 1161 1014 1201 se
1035 1143 1100 1223 ipso
1114 1141 1243 1224 loquen-

274 1260 319 1327 te,
340 1252 390 1331 qui
405 1249 481 1310 duos
495 1251 698 1329 magistratus,
719 1268 816 1328 neque
837 1249 915 1330 ipsos
936 1251 1097 1331 inarimos,
1115 1250 1244 1329 gerebat

273 1359 436 1440 quaestoris
450 1367 480 1416 et
491 1358 644 1438 praetoris.
667 1354 736 1429 llla,
757 1376 835 1436 quae
849 1365 1029 1436 sequuntur,
1042 1357 1127 1416 millo
1138 1378 1243 1419 exem·

269 1466 323 1547 plo
345 1463 530 1524 extrudenda
550 1463 690 1523 censebat
711 1464 873 1541 Graevius,
893 1464 976 1543 quasi
998 1474 1134 1525 erratum
1148 1464 1244 1526 libra·

272 1573 323 1653 rii,
344 1574 395 1652 qui
416 1571 464 1630 illa
486 1573 640 1650 superiora
660 1591 733 1629 novo
755 1571 893 1652 exeruplo
907 1569 967 1629 buc
987 1573 1141 1632 invexerit
1163 1575 1241 1634 Item

272 1677 339 1737 libri
360 1678 473 1757 aliquot
494 1677 597 1757 legunt
618 1681 705 1736 ctiam
725 1691 825 1737 nostra
845 1695 886 1737 ex
904 1688 998 1759 pierre.
1020 1679 1062 1737 lo.
1084 1679 1138 1740 Fr.
1161 1680 1245 1741 Gro-

272 1806 338 1869 aov.
360 1787 488 1845 correxit
509 1795 539 1844 et
560 1790 671 1866 recepit
692 1784 845 1844 Ernestius
865 1761 933 1843 cum
956 1782 1065 1844 Schiitz
1085 1800 1184 1847 vestm
1198 1809 1241 1849 ex

268 1914 316 1975 pa,
337 1904 371 1954 ut
391 1893 536 1953 referatur
557 1892 595 1952 ad
614 1894 762 1974 periculo:
783 1914 877 1973 neque
898 1905 988 1952 vestro
1009 1926 1050 1937 -
1070 1914 1167 1976 neqrre
1189 1916 1242 1955 rur·

271 2013 330 2061 stra
351 2037 390 2046 —
408 2002 550 2084 periculo.
571 2000 735 2060 Lambinus
756 2011 855 2060 terrim
876 2021 968 2081 arque
988 2013 1107 2061 nostrae
1127 2004 1239 2084 panis.

271 2109 352 2169 Tum
365 2109 533 2191 Ernestius,
546 2112 593 2169 cui
609 2108 670 2168 duo
683 2107 792 2168 nmbb.
808 2110 1010 2189 consentiunt,
1030 2121 1133 2169 nostro
1144 2131 1241 2191 prae·

270 2217 357 2292 senti,
378 2228 412 2277 ut
432 2227 600 2299 opponatur
621 2216 797 2277 imminenti:
823 2214 928 2274 melius
954 2215 1064 2275 sctuitz
1090 2223 1125 2281 τὸ
1145 2240 1242 2299 prae-

269 2324 392 2385 sentium
422 2328 531 2407 opponi
563 2327 672 2384 omisso
702 2321 850 2383 vocabulo
879 2322 1044 2383 absentium
1077 2324 1181 2385 latenti
1211 2329 1241 2385 in

268 2445 377 2512 vestro,
399 2431 591 2493 existimabat.
617 2434 747 2493 Deorum
768 2431 933 2503 rabuntur,
962 2431 1044 2512 quod
1064 2428 1182 2493 babent
1204 2433 1240 2493 li-

268 2537 315 2598 bri
337 2560 455 2621 onmeS,
477 2540 629 2609 dedimus,
650 2542 691 2598 sic
712 2538 806 2598 verba
827 2542 1053 2619 coniungentes,
1074 2552 1109 2599 ut
1131 2542 1240 2601 Manu

270 2648 326 2704 tius
353 2658 382 2705 et
409 2646 485 2704 Oliv.
512 2645 667 2707 volebant:
699 2669 791 2727 urqru·
818 2648 966 2705 voluerunt
992 2646 1122 2728 mederi,
1154 2649 1239 2729 quod

268 2751 347 2811 idem
370 2763 413 2812 est
433 2773 467 2810 ac
487 2753 658 2823 uolurrrmt3
687 2753 816 2813 formula
840 2755 961 2834 quidem
989 2755 1133 2834 loquendi
1155 2759 1237 2815 inso-

266 2857 360 2933 lente,
381 2858 432 2919 sed
454 2862 483 2918 in
505 2859 632 2920 Lentulo
653 2881 707 2919 sua
729 2860 935 2940 tiruguilicaute
956 2860 1088 2922 ferrrula.

229 2983 269 3025 20
288 2963 441 3026 Ernestius
461 2967 586 3049 putabat
607 2973 806 3028 accusativum
823 2972 948 3049 requiri,
968 2967 1141 3028 deuroratos
1156 2992 1239 3045 esse,

152 3053 156 3062 ⁴
269 3074 351 3155 quod
373 3086 403 3135 et
424 3087 481 3136 tres
504 3079 594 3136 nostri
615 3077 686 3137 Rec.
708 3077 768 3137 Zel.
783 3078 806 3136 B
820 3089 850 3137 et
868 3076 913 3136 eil.
936 3077 1015 3135 Med.
1038 3076 1169 3160 habent,
1184 3078 1238 3138 sed

267 3184 482 3244 nominativum
497 3183 643 3245 demorati
657 3197 736 3245 recte
748 3184 944 3245 ‹lcfeudcrunt
955 3184 1135 3259 Selirllerus‚
1152 3187 1238 3245 Wei-

268 3291 347 3382 slius
370 3304 399 3353 et
420 3293 591 3369 Sclriitzius3
612 3315 679 3353 nam
702 3294 841 3353 cohaeret
861 3314 929 3352 cum
952 3291 1046 3352 verbis
1068 3314 1155 3375 supp.
1178 3295 1240 3375 ipsi

266 3401 472 3481 magistratus,
487 3402 582 3461 forma
596 3401 771 3482 verborum,
785 3412 819 3460 ut
832 3405 929 3474 aiunt,
944 3403 1166 3478 vocativorum,
1179 3423 1237 3484 pro

266 3509 437 3568 veniebatur
454 3524 591 3583 inmitem,
613 3512 693 3591 ipsos
716 3511 904 3589 ›riagistratru
917 3541 958 3554 —
971 3507 1142 3567 ‹lernoratos
1157 3533 1237 3569 esse.

267 3613 349 3689 Quin
370 3617 458 3675 etiam
480 3616 569 3697 aliqui
591 3615 753 3698 putabant,
775 3620 893 3698 exponit
913 3617 1035 3695 Quart,
1056 3635 1111 3674 uos
1133 3637 1151 3674 a
1175 3638 1237 3675 ma·

268 3720 438 3798 gistratibus
459 3721 581 3783 Rhodiis
603 3737 730 3786 retentos
752 3745 827 3797 esse,
854 3725 950 3783 donec
970 3726 1128 3782 certiorem
1152 3725 1237 3783 face-

266 3837 332 3886 rent
352 3826 537 3888 Dolabellam
560 3830 597 3892 de
618 3832 748 3892 adventu
771 3843 880 3891 nostro.

228 3952 259 3990 ar
285 3930 439 3993 Exercitus
467 3942 555 3996 nostri
585 3951 685 3999 metii:
717 3939 843 4020 ideoque
871 3939 1051 4019 putabamur
1078 3936 1194 3997 detenti
1217 3960 1235 3995 s
