2624 4830
501 404 536 451 111
564 403 745 452 errsrous
1048 384 1122 485 399

124 511 158 586 14
179 506 279 586 Vulgo
300 503 421 565 additur
445 501 519 564 idest
545 503 777 587 compotationes
801 515 857 563 aut
880 507 1119 572 concertationes:

160 616 373 695 ineptissimum
394 609 557 693 emblema,
577 611 660 692 quod
674 621 753 671 recte
767 610 960 672 Ruhnleuius
974 613 1029 695 (ad
1044 615 1118 678 Vell.

155 722 270 781 Patere.
284 743 313 801 p.
334 720 404 796 144)
424 717 600 779 eliciendum
615 739 677 780 esse
692 721 814 779 censuit.
835 719 952 780 Seliittz.
974 720 1066 784 Abest
1079 722 1120 782 ab

157 827 244 887 ilrrrb.
271 825 321 906 15,
343 829 394 907 qui
415 838 518 888 contra
539 825 623 886 addit
642 827 870 909 appellarentnt.

1200 590 1240 638 1»11

519 1144 706 1207 nccxcvr.

120 1383 130 1419 1
156 1358 330 1438 Intelligitur
344 1380 389 1441 ep.
403 1348 650 1420 DCCLXXXIK
669 1358 788 1421 Sclu'itz.
803 1360 884 1420 Turn
899 1359 1003 1420 eodem
1015 1377 1116 1422 exem·

150 1470 222 1550 plo,
245 1467 348 1529 eadem
370 1467 481 1545 forma,
502 1466 606 1528 iisdem
626 1466 740 1548 verbis,
760 1467 807 1528 rel
832 1467 939 1528 eodem
960 1479 1115 1551 conceptu.

115 1598 132 1634 2
155 1575 241 1635 Amb.
268 1573 303 1634 15
323 1588 533 1656 argumentum.

114 1684 131 1742 3
154 1682 258 1742 Lamb.
287 1705 355 1742 cum
379 1683 472 1743 Patat.
504 1693 576 1742 sext.
602 1680 647 1743 ad
671 1704 718 1742 me
744 1695 812 1743 triae
842 1682 1117 1766 exspectatissimae
1194 1683 1195 1686 '

154 1792 263 1852 literae.
286 1793 325 1850 At
345 1789 431 1850 amb.
458 1789 491 1850 13
514 1788 623 1849 adme
649 1790 724 1848 mitt
748 1791 1025 1869 exspectatissimae
1050 1790 1116 1849 lite·

152 1922 203 1961 t'ae
223 1913 301 1960 tuae.

151 2138 198 2174 rae
218 2115 407 2187 contulisses,
428 2113 476 2175 rel
495 2133 565 2194 erga
585 2133 631 2172 nte
651 2112 814 2172 habuisses.

111 2222 237 2282 5Amb.
264 2243 298 2280 12
319 2221 364 2282 ad
383 2241 482 2281 aream
502 2234 588 2293 seat,
609 2219 662 2281 sed
681 2219 726 2281 ad
743 2241 812 2280 eam
829 2218 1000 2279 sententiam
1014 2230 1058 2279 est
1071 2218 1110 2278 ad
1144 2215 1146 2218 ’
1207 2286 1210 2290 ,

149 2352 218 2390 eum
232 2329 452 2391 necessitudinis
467 2340 497 2389 et
509 2327 724 2390 benivolentiae
739 2348 868 2411 sensum,
882 2326 920 2387 de
934 2346 995 2409 quo
1009 2324 1110 2409 paullo

153 2459 250 2519 supra.

108 2545 129 2604 6
150 2546 199 2604 Sic
219 2547 310 2605 nostri
326 2544 364 2604 ad
378 2566 471 2604 unuin
493 2566 595 2605 ornnes
610 2557 640 2605 et
654 2545 736 2604 aliar.
758 2566 825 2603 cunr
842 2542 937 2623 vulg,
958 2543 1113 2624 respicien-

149 2664 192 2713 tes
213 2673 272 2712 non
294 2653 333 2712 ad
353 2654 592 2712 commemoratio
615 2662 729 2712 tantum
740 2697 750 2726 ,
771 2650 823 2711 sed
845 2650 1012 2728 adomnia,
1034 2671 1113 2733 quae

149 2782 253 2821 rocem
274 2761 354 2820 illam
376 2763 564 2820 comitantur.
584 2764 624 2822 At
644 2759 749 2821 Lamb.
770 2772 801 2821 et
822 2759 899 2824 Olir.
919 2760 1063 2820 attulerat.

110 2890 127 2948 7
151 2868 258 2927 Ambb.
281 2879 374 2949 quatt.
403 2868 510 2949 aliique
535 2879 564 2929 et
589 2869 636 2928 ed.
657 2869 731 2930 lens.
752 2890 845 2952 eoque
865 2870 1022 2927 maior-
1041 2886 1111 2949 quo.

107 2974 128 3036 8
150 2976 266 3058 Supra,
286 2975 373 3035 Amb.
400 2974 437 3035 15
457 2997 516 3036 non
535 2990 561 3036 te
582 2978 698 3048 lrortor3
721 2986 751 3036 et
770 2975 819 3036 hic
838 2975 896 3035 loci
908 2973 996 3036 amb.
1019 2996 1036 3055 7
1058 2971 1114 3034 sed

147 3084 237 3142 etiam
257 3098 345 3165 atque
364 3083 454 3143 etiam
474 3103 536 3144 oro.
558 3085 628 3143 Mox
648 3081 753 3142 Lamb.
776 3083 813 3142 iis
835 3081 935 3142 literis.

107 3210 128 3269 9
150 3189 290 3269 Quinque
317 3200 408 3250 nostr.
436 3193 528 3250 Amst
556 3190 647 3249 Ment.
674 3190 783 3252 Graes.
817 3208 874 3248 ser.
908 3185 1054 3251 stewech.
1078 3197 1110 3248 et

148 3295 216 3355 edd.
238 3317 282 3377 pr.
303 3299 427 3362 maioris
439 3296 566 3378 sructru.

111 3423 145 3462 ιο
165 3403 290 3463 Distinxi
303 3426 372 3464 eum
385 3405 519 3467 Victoria
533 3415 562 3465 et
575 3403 704 3485 Madvig.
720 3404 749 3482 l,
762 3421 830 3485 pag.
849 3421 913 3482 ¹70·
929 3401 1026 3460 Ceteri
1042 3421 1108 3482 per·

145 3532 243 3571 verse:
265 3511 375 3572 Aditur
395 3515 473 3573 caim
489 3512 604 3597 patitur
619 3546 659 3556 -
677 3511 783 3571 dicere.
803 3511 946 3571 Fortuna.
968 3507 1106 3569 Orellius.

111 3638 141 3675 11
166 3618 239 3678 Erat
260 3623 338 3679 enim
360 3621 462 3681 consul
484 3621 660 3701 designatus.

110 3744 144 3781 12
167 3726 215 3784 Sic
241 3730 327 3808 primi
355 3728 513 3790 ediderunt
539 3728 645 3789 Lamb.
667 3739 696 3788 et
715 3728 846 3811 Ernest,
874 3728 1054 3808 corrigentes
1075 3745 1110 3786 ex

146 3854 212 3913 epp.
235 3835 432 3917 CDLXXlll,
458 3858 468 3895 1
494 3847 524 3897 et
544 3836 717 3898 DCCOLlV
739 3848 812 3897 extr.
835 3835 985 3917 vulgatam
1006 3834 1109 3894 lectio·

145 3960 213 3998 ueni
235 3940 269 4000 id
284 3944 339 4004 erit
352 3957 442 4006 totum
456 3958 484 4004 ct
493 3946 649 4029 proprium
663 3959 752 4007 tritam.
775 3944 887 4005 Saltem
902 3941 1025 4004 deberet
1047 3961 1109 4001 esse
