2624 4830
238 387 313 481 ι486
608 404 868 470 irrorarroaas

615 720 854 782 DCCCXLVIII.

243 963 252 1001 ι
278 939 457 1017 Gaditanus,
474 939 508 998 L.
524 936 651 998 Cornelii
666 936 748 997 Balbi
763 938 881 996 maioris
895 957 913 996 e
928 936 1017 997 fratre
1031 959 1147 1021 nepos,
1161 941 1242 1003 unde

276 1047 382 1109 Minor
393 1045 488 1106 dictus
502 1048 583 1128 (epp.
600 1044 807 1126 cccxxxll,
821 1044 856 1126 33
876 1044 1018 1124 DLXHI,
1036 1066 1056 1105 a
1071 1046 1199 1129 aliisque
1213 1052 1241 1109 in

277 1152 382 1236 tacis),
401 1154 491 1216 Asinii
510 1152 648 1212 Pollionis
669 1156 699 1211 in
720 1152 860 1233 Hispania
879 1162 1027 1232 quaestor.
1049 1155 1240 1239 Numerata,

277 1261 332 1323 sibi
353 1261 391 1323 de
412 1248 535 1322 aerarioss
560 1257 685 1333 coacto,
706 1259 753 1319 rel
768 1263 812 1341 vi,
831 1257 878 1319 rel
892 1261 957 1319 iure
971 1280 1009 1321 ex
1021 1259 1153 1343 publicis
1167 1284 1239 1323 exa·

278 1366 437 1446 odonibus,
457 1366 581 1448 quibus,
602 1378 636 1428 ut
654 1377 808 1448 quaestor,
822 1377 974 1449 praeerat,
992 1366 1045 1428 sed
1060 1370 1172 1429 iniuria
1185 1370 1238 1430 sibi

278 1474 428 1536 attributa
442 1476 490 1536 Ne
500 1473 645 1557 stipendio
657 1473 777 1556 quidem
787 1508 828 1521 ·-
837 1473 962 1548 reddito,
977 1475 1237 1556 quemadmodum

277 1584 439 1665 quaestoris
448 1581 632 1665 provincialis
646 1593 724 1663 erat,
738 1584 833 1642 Tacit.
844 1583 898 1642 An.
912 1583 965 1662 XI,
979 1582 1141 1666 223'Varr.
1155 1586 1191 1646 L.
1202 1587 1236 1645 L.

277 1689 331 1770 tv,
356 1689 407 1771 “ii
428 1688 548 1749 Miscell.
571 1689 658 1751 Obss.
680 1692 814 1770 criticae,
834 1689 892 1749 vol.
913 1689 956 1771 X,
976 1710 1008 1771 p.
1029 1689 1089 1772 257
1112 1712 1196 1775 seqq.

238 1814 258 1856 a
278 1794 417 1875 seduxit,
437 1794 579 1856 subduxit
592 1817 638 1876 se,
651 1796 775 1877 aufugit
789 1797 885 1857 Plaut
900 1796 1006 1879 Amph.
1021 1797 1075 1879 lV,
1089 1799 1119 1878 3,
1134 1797 1171 1860 8;
1187 1798 1240 1860 Ad

276 1925 372 1985 regem
390 1917 469 1965 recta
489 1925 536 1964 me
561 1903 679 1966 ιὶιιοαηι.
704 1903 773 1966 Vid
802 1906 889 1965 etiam
916 1903 1023 1966 Bacch.
1045 1905 1100 1987 tv,
1121 1927 1159 1991 2,
1184 1931 1237 1992 rr,

277 2011 375 2075 Auiul.
397 2012 450 2091 lv,
468 2009 503 2092 8,
523 2010 552 2073 8.
1275 2100 1279 2105 ,

218 2186 221 2190 ,
238 2119 257 2180 3
277 2122 471 2183 Mauritaniae
483 2122 561 2202 regis
574 2122 604 2180 in
616 2120 727 2199 Africa,
747 2121 798 2200 qui
812 2121 929 2179 Antonii
942 2119 1078 2201 partibus
1093 2121 1240 2185 adhaere·

275 2227 370 2289 rebat
391 2229 488 2289 Nostri
509 2248 627 2307 omnes,
647 2238 765 2311 praeter
790 2226 841 2305 13,
862 2237 892 2288 et
910 2226 970 2287 zet.
990 2227 1014 2287 B
1035 2230 1173 2310 Bogutis.
1200 2233 1241 2293 Et

275 2354 348 2394 mox
366 2334 426 2396 zet.
446 2335 470 2394 B
490 2346 521 2396 et
540 2334 609 2396 edd
628 2337 683 2396 Ito.
705 2336 778 2395 lens.
796 2335 886 2417 plane
905 2333 1043 2417 beneque.

236 2441 257 2518 I
276 2442 322 2502 De
342 2444 507 2503 Antoniana
528 2442 611 2503 clade
632 2443 671 2502 ad
690 2444 844 2504 Mutinam.
866 2442 1027 2523 Referatur,
1054 2444 1146 2524 idest,
1176 2448 1240 2506 Ga·

277 2548 330 2608 des
349 2550 459 2610 redeat.

236 2654 256 2715 5
276 2655 384 2716 Balbus
398 2657 466 2717 secit
479 2657 629 2740 Gadibus,
650 2662 679 2718 in
700 2664 795 2741 patria
809 2680 878 2738 sua,
893 2657 1012 2739 eadem,
1026 2681 1106 2740 quae
1121 2661 1240 2722 Romae

276 2761 384 2821 Caesar
403 2763 520 2821 fecerat.

234 2864 256 2926 6
275 2865 353 2928 idest
374 2868 486 2930 ultimo.
508 2869 590 2948 Virg.
611 2872 683 2930 Aen.
704 2871 747 2949 11,
768 2873 840 2948 324:

414 3025 493 3079 Venit
511 3045 608 3080 summa
626 3028 697 3096 dies,
715 3039 741 3081 et
759 3029 924 3081 ineluctabile
942 3036 1050 3097 tempus.

274 3188 321 3251 Ad
334 3189 433 3274 plures
447 3204 546 3256 autem
563 3195 624 3256 dies
639 3195 825 3258 ducebantur
836 3195 910 3256 Iudi.
924 3195 1043 3254 Annulo
1057 3218 1171 3270 aureo,
1187 3201 1238 3280 qui

273 3309 338 3359 erat
357 3305 499 3383 equestris
514 3303 662 3386 dignitatis
675 3307 794 3387 insigne.
808 3305 975 3375 Donatun23
998 3302 1057 3362 hoc
1078 3308 1179 3386 ipsum
1194 3307 1238 3365 Ie-

274 3419 356 3469 cerat
369 3412 427 3469 iam
442 3410 533 3471 Iulius
548 3412 669 3492 Caesar,
691 3435 709 3472 a
729 3435 790 3495 quo
811 3412 889 3473 ludis
910 3411 1051 3472 Decimus
1072 3412 1239 3486 Laberius,

272 3535 360 3596 eques
375 3518 458 3577 Rom.
464 3562 475 3591 ,
495 3523 544 3600 qui
559 3522 680 3580 mimum
695 3542 780 3580 suum
793 3522 863 3601 egit,
884 3520 1012 3580 donatus
1025 3519 1082 3579 fuit
1095 3522 1240 3602 quingen·

272 3621 310 3681 tis
322 3624 458 3685 sestertiis
471 3639 499 3687 et
510 3630 621 3688 arusulo
641 3651 732 3689 aureo
750 3643 779 3690 et
789 3651 902 3689 sessum
924 3630 954 3687 in
973 3628 1239 3709 quatuordecime

272 3747 360 3788 scena
376 3749 434 3808 per
451 3733 630 3793 orrhestram
652 3736 772 3814 ductus,
793 3747 826 3795 ut
847 3739 888 3796 ait
909 3735 988 3795 Svet.
1009 3737 1040 3793 in
1061 3734 1118 3794 Iul.
1143 3757 1169 3796 c.
1188 3737 1239 3818 39

271 3830 310 3890 In
324 3831 445 3915 XIIII,
465 3855 504 3896 sc.
525 3840 554 3898 in
575 3853 682 3920 quarto
700 3842 814 3901 decimo
830 3842 949 3924 ordine,
971 3853 1005 3900 ut
1021 3839 1115 3900 habet
1130 3843 1240 3902 ambr.

276 3937 320 4012 14.
335 3941 372 3999 At
385 3952 456 4003 sext.
471 3954 500 4004 ei
515 3944 581 4005 edd.
598 3948 652 4007 Ro.
667 3950 738 4009 lens.
753 3950 782 4008 iu
794 3963 931 4030 quartum
943 3948 1088 4008 decimum
1095 3950 1238 4021 §Lanita
