2624 4830
159 402 210 477 88
467 415 639 468 errorum
664 413 810 466 occcxu.
837 428 841 437 ·
935 413 967 463 a.
983 415 1019 464 v.
1035 414 1065 463 c.
1084 429 1131 476 μ.

159 527 223 626 ait,
246 525 482 625 omninoque,
506 520 592 624 quid
615 519 694 595 istic
719 530 860 618 agatur,
882 515 989 592 iacias
1014 543 1072 592 mc
1096 543 1156 593 ve-

159 651 223 730 lim
247 651 441 728 certiorem.
747 665 750 669 ’

550 897 774 975 Dcccxffl.
883 937 937 996 (Aa
952 935 1005 986 niv.
1021 936 1135 999 xlm)

161 1083 384 1162 Argwrrentum.
404 1080 551 1158 Queritur
565 1078 603 1140 de
617 1076 821 1159 quorumdam
842 1074 1064 1151 malivolentia,
1075 1089 1105 1137 et
1117 1080 1157 1136 roi

201 1186 341 1270 publicae
360 1184 528 1269 periculum
550 1186 679 1267 exponit.

228 1403 284 1456 Ser.
301 1418 333 1456 cx
351 1401 456 1467 castris,
480 1400 593 1452 Dertona
611 1401 641 1453 ll.
661 1398 695 1450 V.
712 1399 741 1451 C.
761 1397 866 1462 DCCX.
886 1397 926 1452 lll
945 1398 1014 1452 Non.
1032 1399 1094 1452 blei.

355 1598 393 1662 D.
417 1596 570 1661 BRVTVS
596 1597 626 1659 S.
650 1594 687 1658 Ι).
711 1595 754 1658 Μ.
778 1593 966 1662 CICERONI

211 1786 295 1862 Non
319 1785 405 1861 mihi
429 1810 505 1860 rem
530 1782 707 1885 publicam
732 1783 811 1884 plus
836 1782 964 1858 debere
993 1785 1161 1887 arbitror,

164 1941 269 2020 quam
303 1940 358 1987 mc
391 1907 471 1987 tibi'
497 1911 696 1986 Gratiorem
728 1936 784 1983 me
816 1935 891 1984 esse
917 1912 956 1985 in
980 1925 1016 1985 te
1042 1938 1162 2013 posse,

164 2068 269 2146 quam
294 2042 353 2115 isti
378 2038 564 2141 perversi¹
591 2038 662 2111 sint
686 2037 723 2110 in
747 2062 804 2109 me
811 2093 822 2136 ,
854 2035 1076 2138 exploratum
1100 2040 1162 2114 ha-

164 2166 245 2267 bes;
269 2168 299 2241 si
323 2181 443 2241 tamen
468 2165 537 2240 hcc
562 2163 733 2264 temporis
758 2162 919 2238 videatur
943 2163 1014 2237 dici
1040 2191 1163 2264 causa,

164 2293 269 2367 malle
294 2318 351 2366 me
377 2307 475 2365 tuum
501 2290 669 2364 iudicium
688 2307 713 2389 ²,
738 2315 842 2392 quam
867 2315 910 2363 ex
935 2289 1043 2365 altura
1062 2305 1161 2392 parte

164 2420 321 2492 omnium
339 2420 496 2491 istorum.
521 2417 577 2489 Tu
603 2417 697 2488 enim
722 2442 741 2488 a
767 2430 864 2489 certo
888 2441 993 2490 sensu
1019 2432 1056 2491 et
1079 2443 1162 2492 vero

165 2544 299 2618 iudicas
317 2542 361 2616 de
377 2542 496 2642 nobis,
520 2542 617 2645 quod
634 2542 691 2614 isti
708 2566 753 2614 ne
770 2542 916 2642 faciant,
935 2569 1072 2617 summa
1091 2571 1163 2617 ma-

165 2669 346 2743 livolentia
371 2683 408 2741 et
432 2668 542 2743 livore
566 2667 813 2769 impediuntur.
839 2669 1069 2770 Interpellent
1093 2697 1164 2768 mc,

64 2778 67 2783 ⁴
166 2821 237 2899 quo
262 2795 377 2869 minus
401 2795 595 2870 honoratus
627 2797 710 2894 sim,
743 2794 828 2869 dum
852 2821 897 2868 ne
922 2796 1164 2899 interpellent,

166 2947 237 3024 quc
269 2923 384 2996 minus
416 2947 471 2997 res
504 2922 644 3024 publica
668 2948 689 2996 a
714 2946 771 2995 me
796 2923 983 2997 commode
1015 2923 1165 2998 admini-

165 3049 268 3123 strari
293 3049 408 3151 possit
423 3049 447 3121 ³.
473 3050 574 3141 Quae
591 3061 725 3151 quanto
742 3048 789 3121 sit
805 3050 842 3121 in
858 3049 1034 3150 periculo,
1059 3074 1165 3152 quam

165 3187 291 3275 potero
328 3175 532 3250 brevissime
569 3201 753 3275 exponam.
791 3175 948 3248 Primum
987 3177 1144 3250 omnium
1155 3232 1166 3276 ,

165 3315 333 3402 quantam
358 3301 660 3402 perturbationem
689 3325 804 3373 rerum
836 3299 1048 3375 urbanarum
1081 3303 1166 3376 alle·

164 3439 220 3498 rat
252 3427 370 3500 obitus
403 3427 585 3501 consulum
609 3426 636 3526 l,
666 3438 903 3527 quantamque
936 3427 1167 3527 cupiditatem

164 3547 366 3625 hominibus
397 3554 529 3627 inliciat
553 3553 710 3628 vacuitas
729 3553 756 3651 ⁵,
780 3577 854 3625 non
879 3565 914 3625 te
945 3552 1041 3653 fugit.
1075 3554 1165 3628 Satis

165 3698 222 3746 me
246 3676 355 3751 multa
376 3678 572 3778 scripsisse,
598 3705 686 3781 quae
703 3678 813 3751 literis
831 3681 1069 3758 commendari
1086 3708 1166 3784 pos·

165 3802 237 3895 sint
247 3804 274 3901 ⁶,
291 3802 448 3878 arbitror.
477 3805 558 3879 Scio
584 3808 702 3904 enim,
727 3806 784 3878 cui
809 3804 968 3879 scribam.
994 3808 1166 3883 Revertor

165 3949 260 4002 nunc
285 3929 331 4004 ad
346 3930 556 4031 Antonium,
582 3935 642 4034 qui
667 3958 709 4006 ex
734 3932 754 4004 f
757 3957 823 4029 oga
849 3959 958 4033 quum
982 3935 1165 4036 parvulam
