2624 4830
493 444 529 490 m
555 443 736 492 ertsrotts
1044 424 1114 520 395

114 522 279 630 ariiiipp'.
301 546 387 622 vni,
408 543 444 626 a,
464 566 501 626 9,
528 566 570 604 ιο.
593 545 713 604 seim.

116 679 133 738 7
156 657 205 717 Sic
226 655 291 715 cod.
314 655 384 713 Rec.
407 652 528 732 aliique,
549 651 617 712 edd.
637 652 718 714 Med.
740 651 906 732 Benedicti,
926 654 982 713 los.
998 653 1034 716 V.
1049 654 1118 717 cte·
1204 632 1206 638 i

154 767 204 824 rici
227 776 257 822 et
277 761 397 842 Orellii3
419 771 449 820 et
470 762 510 819 sic
530 781 575 842 cp.
590 759 808 839 DCCCXLlll,
829 761 850 836 [4
870 763 912 820 ire
933 762 963 822 in
984 762 1116 842 Syriam.

154 874 192 931 tlt
213 872 374 945 Graevius,
398 868 551 928 Ernestius
573 878 603 927 et
624 866 778 928 Schtitzius
799 890 858 927 non
879 871 947 928 sinc
962 869 1033 930 libb.
1054 892 1118 932 csse

154 981 184 1039 in
203 978 346 1057 Syriam
369 976 451 1058 quod
472 987 552 1036 recte
573 974 684 1038 dictum
707 976 839 1036 defendit
853 976 1008 1036 Ernestius
1023 999 1061 1039 ex
1073 977 1118 1039 lo-

156 1089 196 1144 cis
218 1107 264 1168 ep.
286 1083 412 1159 nect,
438 1104 466 1142 1:
488 1104 548 1165 quo
575 1081 624 1143 die
649 1084 680 1142 in
705 1083 905 1144 Tusculanum
926 1105 1019 1144 essem
1030 1084 1118 1164 futu·

156 1214 230 1263 rus?
245 1203 274 1252 et
296 1192 374 1250 Svet.
397 1193 426 1248 in
448 1193 523 1271 Aug.
545 1211 570 1250 c.
597 1189 647 1250 16:
670 1191 700 1250 in
720 1204 907 1272 conspectum
924 1190 1041 1272 ficisse3
1064 1192 1116 1253 ubi

156 1299 224 1359 vide
249 1300 409 1358 Burmann.
436 1296 600 1357 Lambinus
626 1297 734 1379 aliique
759 1321 823 1359 esse
847 1299 879 1359 in
903 1300 1012 1380 Syria,
1033 1303 1118 1362 utin

157 1428 202 1488 ep.
224 1386 428 1465 dccxciv.v

116 1512 136 1573 8
158 1514 190 1572 ln
212 1511 395 1572 Macedonia.

114 1642 135 1702 9
156 1622 241 1679 locus
266 1631 309 1679 est
330 1619 447 1700 elegans
468 1622 498 1678 in
519 1618 562 1678 liis
583 1618 689 1680 verbis.
719 1622 792 1680 Nam
815 1625 938 1682 ‘senatus
967 1609 1117 1683 ademtam

154 1727 329 1787 Dolabellae
349 1726 465 1803 Syriam
487 1727 586 1787 Cassio
608 1727 750 1810 dederat3
770 1728 927 1789 Dolabella
947 1751 1020 1789 vero
1033 1732 1074 1790 ita
1089 1733 1118 1788 in

155 1836 270 1910 Syriam
302 1837 413 1914 iverat,
439 1837 522 1915 qrtasi
552 1835 651 1895 Cassio
676 1815 806 1915 legitime
833 1857 1029 1898 successurus.
1050 1838 1120 1916 Qua

155 1943 193 2002 dc
214 1965 246 2003 re
266 1964 327 2003 non
347 1942 447 2003 insulsi
469 1964 524 2002 nec
544 1943 663 2003 infaceti
684 1943 819 2004 homines
838 1946 962 2004 nimium
984 1947 1042 2004 cito
1055 1947 1120 2006 Do·

154 2050 290 2111 labellam
313 2051 414 2111 Cassio
429 2049 589 2111 succedere
610 2032 837 2110 cavillabuntur:
859 2054 959 2133 itaque
980 2055 1122 2133 recipien-

86 2180 93 2197 ·
157 2157 228 2218 dum
250 2161 372 2217 omnino
392 2179 452 2217 non
474 2178 550 2234 esse,
570 2160 712 2239 quoniam
726 2157 889 2238 legitimum
905 2168 1038 2239 tempus,
1057 2179 1121 2241 quo

159 2264 277 2325 Cassius
298 2264 445 2326 decedere
467 2265 604 2342 deberet,
626 2277 796 2348 exspectare
816 2265 964 2326 noluisset.
985 2265 1102 2326 Manet.

120 2393 155 2431 ro
177 2372 298 2433 Certum
322 2383 386 2433 erat
408 2372 489 2454 apud
511 2393 623 2433 omncs.

120 2500 152 2538 tt
175 2480 285 2540 Decem
302 2491 331 2540 et
345 2491 459 2562 septem
474 2480 620 2562 legiones,
641 2480 710 2541 dicit
723 2479 799 2541 vett.
815 2481 856 2558 ll,
871 2478 912 2540 65
918 2500 927 2560 ς
949 2481 1001 2560 qui
1016 2482 1122 2561 etiam3

155 2588 308 2669 quomodo
321 2600 557 2670 comparassent,
566 2588 611 2648 his
620 2588 719 2648 verbis
734 2598 845 2666 namt,
859 2609 884 2648 c.
898 2587 951 2648 62:
968 2613 986 2642 a
1002 2588 1124 2671 Quippe

157 2722 174 2750 a
195 2695 236 2754 M.
256 2696 367 2756 Brutus
387 2707 417 2756 et
438 2697 470 2755 C.
492 2696 609 2756 Cassius
623 2675 748 2778 profecti
763 2695 839 2756 urbe
854 2708 946 2778 atque
960 2695 1058 2773 ltalia,
1077 2697 1124 2754 in-

157 2829 174 2857 u
196 2814 278 2863 tento
298 2824 332 2862 ac
353 2805 419 2885 pari
436 2806 549 2885 animo,
571 2807 631 2864 sine
646 2807 821 2865 auctoritate
845 2803 980 2886 publiea,
1000 2805 1123 2885 provin·

157 2936 175 2964 u
197 2914 255 2970 cias
276 2914 481 2993 exercitusque
500 2924 733 2996 occupaverant,
754 2924 784 2972 et
805 2912 992 2993 ubicumque
1006 2913 1061 2992 ipsi
1075 2931 1123 2969 es-

158 3042 175 3070 u
198 3030 278 3094 sent,
298 3030 505 3099 praetexentes
532 3040 594 3080 esse
622 3041 685 3080 rem
711 3019 815 3103 publ,
842 3020 985 3099 pecunias
1013 3019 1123 3098 ctiam,

158 3151 176 3177 a
198 3146 274 3204 quac
296 3147 333 3186 ex
354 3129 555 3187 transmarinis
577 3129 734 3208 provinciis
754 3127 881 3185 Romam
904 3123 942 3183 ab
958 3125 1124 3205 quaestori-

158 3257 175 3283 ιι
197 3229 253 3291 bus
274 3231 525 3314 deportabantur,
547 3232 752 3293 avolantibus
774 3242 959 3312 acceperant.
980 3256 998 3286 a

525 3555 711 3615 DCCXClll.

122 3786 130 3823 r
156 3766 213 3848 Ep.
233 3767 380 3827 DCCXll.
401 3768 457 3828 Ed.
479 3769 562 3829 Med.
588 3767 618 3828 C.
646 3767 800 3827 Trebonio.

117 3893 134 3930 α
159 3874 195 3931 ll.
217 3894 242 3932 e.
264 3874 412 3955 reliquii53
434 3876 544 3935 scilicet
564 3878 709 3954 Antoni03
732 3895 777 3955 ep.
800 3894 864 3954 sup.

119 3980 136 4035 3
160 3979 246 4037 Amb.
268 3979 289 4038 6
310 3981 460 4041 Vennum
482 3982 566 4042 ittet.
587 3984 659 4043 Mox
680 3980 872 4063 beneficium,
894 3978 1026 4057 intelligit
1049 3997 1127 4036 mor·

165 4097 223 4145 tem
245 4087 363 4148 Caesari
386 4087 505 4149 illatam.
