2624 4830
213 401 286 474 216
503 419 673 471 emenoni
700 419 908 470 ucccxnvui.
991 419 1070 473 av.
1087 422 1118 473 c.
1135 434 1184 495 μ.

561 646 849 721 DCCCXLVIII.
944 686 1000 746 <sa
1017 689 1071 737 nn.
1087 688 1125 750 x,
1139 691 1188 746 ³2)

212 826 433 907 Argumentum.
447 822 548 897 Bulbi,
561 824 727 906 quaestoris
740 822 802 896 sui,
816 820 963 903 flagitium
977 824 1114 904 exponit3
1128 821 1213 884 dein·

252 930 305 1004 de,
326 929 397 1011 quid
418 949 477 1012 pso
497 949 530 990 re
550 928 672 1011 publiea
692 930 802 1010 egerit,
821 938 939 1002 narrum
959 939 1005 999 et,
1027 927 1100 1010 quid
1122 948 1208 989 sene-
1279 997 1281 1003 s

254 1045 300 1097 tus
321 1056 352 1096 se
372 1035 469 1097 faetere
490 1035 579 1107 velit,
599 1046 633 1096 ut
653 1037 831 1108 constituat,
850 1036 935 1117 petit.

360 1266 414 1322 su.
432 1264 567 1319 coranus
584 1267 616 1318 s.
634 1264 667 1319 v.
685 1265 715 1320 e
734 1265 837 1334 uccx,
855 1264 893 1319 vi
912 1266 950 1319 ia
970 1255 1063 1320 sasas

411 1463 445 1528 (L
470 1460 623 1527 ASINIVS
648 1461 796 1527 POLLIO
826 1462 1014 1556 CICERONI

264 1652 425 1728 Balbus¹
453 1632 635 1754 quaestor,
667 1676 792 1750 magna
824 1666 1004 1725 numerata
1039 1655 1213 1752 pecunia,

216 1805 344 1880 magno
370 1777 526 1880 pondere
552 1777 643 1876 auti,
677 1777 807 1849 maiore
843 1778 995 1874 argenti,
1019 1791 1143 1851 coacto
1169 1779 1214 1851 «Ie

91 1929 94 1932 ’
216 1904 366 2009 publicis
390 1902 647 2001 exactionibus,
677 1927 721 1974 ne
746 1899 926 2001 stipendio
960 1901 1101 2002 quidem
1127 1903 1217 1975 mili·

216 2031 311 2107 tibus
340 2032 499 2130 reddito,
531 2028 724 2127 duxitse¹
750 2053 771 2101 a
797 2027 973 2124 Gadibus,
998 2042 1035 2101 et
1060 2026 1215 2101 triduum

217 2171 426 2259 tempestate
453 2170 612 2232 retentus
638 2153 684 2227 ad
709 2152 862 2253 Calpen,
884 2153 961 2227 Kal.
980 2154 1088 2226 Iuniis
1117 2155 1219 2227 traie-

219 2283 270 2356 cit
298 2308 372 2355 sese
397 2283 434 2354 in
461 2306 606 2380 regnum
637 2278 825 2378 Bogudis³
850 2278 955 2378 plane
987 2278 1079 2351 bene
1111 2305 1218 2379 pecu-

217 2407 330 2481 liatus.
356 2408 420 2480 His
445 2403 668 2480 rumoribust
685 2418 801 2478 unum
827 2403 944 2478 Gades
970 2404 1153 2502 referatur,
1170 2431 1219 2478 an

219 2534 367 2635 Romam
384 2530 450 2620 (ad
474 2529 630 2630 singulos
648 2531 740 2602 enim
758 2531 900 2604 nuntios
917 2533 1116 2631 turpissime
1135 2528 1217 2604 con·

219 2657 294 2748 eilia
311 2670 458 2755 mutat),
475 2656 633 2731 nondum
653 2659 736 2729 scio.
762 2659 831 2729 Sed
848 2671 988 2757 praeter
1003 2657 1093 2731 furta
1109 2673 1146 2730 et
1163 2684 1216 2729 ra·

219 2784 321 2884 piuas
346 2798 382 2855 et
407 2783 511 2879 virgis
536 2807 657 2859 caesos
683 2783 816 2880 socios,
839 2781 926 2855 haec
952 2806 1092 2883 quoque
1116 2782 1216 2879 fecit,

219 2922 261 2981 ut
280 2910 361 3008 ipse
394 2907 533 3006 gloriari
564 2907 668 3005 solet,
700 2907 842 3006 eadem,
865 2934 954 3009 quae
979 2910 1017 2982 C.
1042 2911 1171 2983 Caesar
1188 2911 1214 2979 ⁶.

219 3033 347 3133 Ludis,
375 3059 463 3135 quos
489 3033 651 3107 Gadibus
681 3033 780 3131 iecit,
812 3034 1028 3107 Heoennium
1062 3033 1220 3132 Gallum,

141 3229 145 3235 ,
220 3148 446 3260 histrionem,
470 3162 640 3234 summo⁶
664 3159 827 3233 ludorum
853 3159 927 3257 die,
954 3157 1085 3232 annulo
1112 3183 1216 3232 aureo

87 3344 89 3348 2
222 3285 409 3385 donatum,
433 3288 471 3359 in
496 3285 605 3360 XIIII
629 3312 762 3361 sessum
789 3283 946 3358 deduxit:
971 3298 1026 3358 tot
1050 3285 1145 3357 enim
1170 3284 1217 3357 se-

222 3399 318 3485 ueiat
335 3412 475 3486 ordines
492 3413 662 3514 equestris
687 3411 765 3485 ioci.
794 3411 1134 3503 Quatuorviratumt
1154 3409 1221 3482 sibi

221 3539 439 3636 prorogavit,
467 3539 608 3612 comitia
625 3538 758 3610 biennii
775 3537 887 3609 hiduo
904 3534 1045 3633 hahuit,
1070 3536 1138 3607 hoc
1155 3549 1223 3629 est,

221 3662 453 3761 renuntiavit,
477 3688 565 3764 quos
591 3666 623 3736 ei
649 3666 759 3737 visum
788 3677 857 3760 est3
881 3661 1016 3735 exsules
1042 3660 1222 3753 reduxitt,

222 3807 296 3857 non
321 3785 446 3859 horum
473 3800 689 3888 temporum,
714 3788 776 3861 sed
803 3787 962 3886 illorum,
985 3786 1112 3888 quibus
1129 3812 1149 3858 a
1168 3811 1221 3857 se-

225 3908 360 3986 ditiosis
377 3926 516 3986 senatus
534 3914 745 4012 trucidatus,
770 3931 831 3987 aut
856 3913 1021 4014 expulsus
1046 3925 1119 4010 est,
1144 3912 1222 3984 Sex.
