2624 4830
170 428 240 479 tta
448 419 830 473 ·-.l!18m·mxx.
937 421 1073 476 tamt
1093 438 1141 488 aa·

162 523 326 605 v'oafflnt
338 523 741 626 nononmtionibmqoe
748 522 999 627 ieonhobamp
1010 529 1165 628 granu

166 666 205 731 te'
210 652 411 801 babolene,
431 664 536 751 antea
560 649 626 724 tibi
642 650 792 753 abripui:
818 650 885 726 aad
908 656 1035 728 tanen
1053 662 1161 759 quum

164 804 318 887 primum
350 770 458 895 pineae
487 746 668 877 inpedit
679 775 823 878 coepitg
845 786 920 853 nnn
941 770 1053 880 magia
1069 780 1168 885 sihi,

167 933 282 1050 guam
297 932 348 980 aei
335 883 536 1008 publicae
560 929 598 978 ae
623 894 842 1005 oonvduiaae
868 892 1097 1009 ematimana,
1117 904 1165 982 ad

143 1082 146 1089 ‚
164 1033 286 1129 omnia
309 1030 463 1135 pericula
488 1031 653 1133 prinoepa
666 1057 745 1107 eoae
761 1055 835 1108 nun
854 1020 1076 1139 oeouaabat⁶.
1092 1032 1164 1111 Sed

166 1186 232 1261 ago
256 1186 338 1237 oum
361 1184 436 1235 non
460 1157 575 1235 aulum
597 1157 760 1235 hortatus
780 1184 880 1259 aim,
908 1184 1034 1235 venam
1056 1160 1164 1235 etam

164 1288 266 1387 notgi
288 1289 392 1362 iato‘
415 1285 608 1389 profioiaoi:
633 1284 732 1388 qnod
755 1299 792 1360 et
806 1284 1165 1363 ittavaltndine-ma-

165 1415 218 1514 gia
234 1415 407 1489 confieene
431 1439 487 1512 ae,
511 1437 617 1514 qnam
641 1437 698 1485 me
715 1412 874 1488 'iuvaret
899 1426 1022 1516 pouaet
1045 1413 1085 1486 in
1108 1436 1162 1488 oa·

164 1541 262 1640 attia,
286 1554 324 1614 et
348 1538 445 1643 qnod
469 1539 692 1615 acerbissimo
716 1541 861 1617 interito
886 1540 1073 1617 oonanlum
1087 1567 1163 1617 nam

164 1666 342 1768 publieam
367 1666 536 1741 nudatam
563 1666 622 1741 tali
655 1668 732 1742 eive
760 1682 922 1769 praetore
950 1671 988 1743 in
1019 1667 1161 1744 urbanis

164 1796 288 1870 officiis
313 1795 469 1896 indigere
500 1795 749 1870 existimabam.
782 1795 890 1889 Quod
921 1801 952 1870 si
983 1796 1077 1900 qni⁸
1101 1822 1160 1872 ve·

163 1937 275 1998 strum
292 1948 364 1997 non
391 1922 570 2023 probabit,
593 1923 680 1996 mihi
697 1923 929 2024 prudentiam
952 1925 991 1997 in
1015 1922 1161 2000 coneilio

164 2048 314 2136 dublinae
339 2051 449 2150 sciat,
477 2075 552 2124 non
576 2048 626 2123 illi
651 2075 732 2149 erga
764 2050 915 2151 patriam
940 2049 1161 2153 fidelitatem.

161 2175 318 2276 Lepidus
351 2191 513 2276 tamena,
538 2176 635 2278 quod
661 2202 733 2277 ego
765 2175 1029 2279 desiderabam²
1061 2178 1157 2277 feeit,

161 2314 203 2372 nt
226 2301 386 2401 Apellam
412 2301 458 2375 ad
484 2328 539 2376 me
566 2305 737 2404 mitteret,
766 2330 837 2408 quo
862 2304 987 2379 obside
1011 2303 1095 2379 fidei
1118 2302 1159 2377 il-

160 2424 228 2499 lins
258 2440 295 2498 et
326 2427 502 2501 societatis
523 2445 551 2479 ¹⁰
577 2429 615 2501 in
639 2456 676 2504 re
710 2431 850 2533 publica
885 2428 1159 2506 adminiatranda

161 2563 285 2625 uterer.
311 2551 472 2626 Studium
498 2554 584 2631 mibi
606 2572 632 2607 ¹¹
659 2584 761 2631 snum
785 2561 824 2632 L.
850 2558 1001 2658 Gellius,
1029 2558 1074 2632 de
1100 2559 1158 2632 tri·

161 2675 227 2749 bus
260 2677 422 2754 fratiibns
457 2681 651 2781 Segaviano
690 2683 872 2784 probavit:
905 2712 975 2788 qno
1009 2713 1075 2785 ego
1106 2686 1157 2758 in·

162 2815 314 2902 terprete
346 2809 534 2882 novissime
560 2809 606 2882 ad
630 2811 806 2910 Lepidum
838 2839 915 2886 aum
946 2838 1038 2885 usus.
1067 2811 1158 2887 Ami·

163 2953 243 3000 oum
269 2957 350 3004 enm
374 2934 423 3007 roi
448 2933 610 3035 pnblioae
639 2960 810 3035 oognuaao
827 2953 859 2989 ⁸²
884 2937 1024 3012 videor:
1047 2937 1156 3012 liben-

161 3067 283 3158 terque
308 3059 340 3131 ei
369 3086 446 3133 aum
479 3063 700 3163 testimonio,
731 3079 768 3138 et
800 3064 964 3140 omnibns
984 3090 1074 3164 ero,
1098 3065 1156 3168 qni

158 3177 249 3254 bene
273 3189 509 3259 111erentur1.¹³
534 3188 607 3262 Fac
632 3187 749 3263 valeas
756 3246 767 3290 ‚
798 3217 924 3294 meque
955 3205 1080 3268 mutuo
1109 3192 1157 3266 di·

158 3292 260 3410 liga's²
294 3309 568 3417 dignitatemque
600 3341 715 3392 meam
722 3374 733 3419 ‚
764 3318 795 3392 si
827 3344 980 3420 mereor,
1015 3319 1159 3423 tuearis,

158 3434 248 3515 sicut
273 3435 390 3523 adbuc
413 3441 580 3542 singulari
606 3470 687 3521 cum
711 3442 950 3524 benivolentia
975 3446 1097 3525 sociati.
