2624 4830
224 404 296 480 316
583 423 754 473 errorum
779 427 850 473 xvr.
1000 423 1029 472 r.
1048 425 1081 473 v.
1099 425 1128 472 c.
1146 436 1200 487 ,ιο

223 530 331 602 citum
346 525 534 626 Apollonia
558 526 847 627 Dyrrhachioque
878 524 1035 623 movisti,
1061 526 1234 627 quamde

222 654 367 729 Antonii
393 652 471 751 suga
499 640 644 751 audisti,
667 654 767 726 Bruti
785 652 985 752 eruptione,
1010 652 1134 752 populi
1163 654 1228 727 Ro·

222 770 318 854 mani
344 780 497 853 victoria,
530 781 670 881 Itaque,
698 779 795 881 quod
837 777 976 876 scribis,
1000 792 1132 878 postea
1157 792 1231 853 sta‘

223 908 331 980 tuisse
357 921 391 978 te
418 906 544 979 ducere
574 907 763 977 exercitum
787 905 825 978 in
850 903 1124 1002 Cherronesum,
1162 931 1229 979 nec

221 1032 314 1133 pati,
339 1031 602 1105 sceleratissimo
628 1030 721 1103 hosti
746 1029 897 1103 ludibrio
924 1057 999 1103 esse
1039 1030 1225 1130 imperium

220 1157 344 1258 populi
377 1158 543 1253 Romani,
576 1158 659 1229 lacis
692 1183 733 1228 ex
766 1170 824 1228 tua
859 1155 1045 1254 dignitate,
1085 1168 1120 1228 et
1146 1182 1165 1226 e
1189 1182 1226 1229 re

218 1284 369 1385 publica.
395 1283 503 1377 Quod
523 1281 645 1354 scribis
664 1281 707 1354 de
725 1282 911 1380 seditione,
937 1309 1025 1384 quae
1050 1281 1142 1355 sacta
1174 1297 1226 1357 est

171 1418 178 1434 ¹
217 1413 255 1483 in
283 1411 418 1508 legione
437 1422 576 1510 quarta,
604 1408 648 1481 de
665 1410 828 1483 Antoniis
862 1408 999 1510 ([quod
1017 1407 1171 1508 dicamJ',
1188 1410 1227 1482 in

216 1535 348 1611 bonam
365 1550 500 1635 partem
519 1536 707 1635 accipies),
732 1536 841 1632 magis
868 1535 951 1607 mibi
968 1533 1142 1635 probatur
1160 1535 1225 1606 mi·

216 1661 320 1735 litum
342 1663 527 1758 severitas,
543 1687 648 1763 quam
666 1675 735 1735 tua.
761 1660 814 1734 Te
830 1659 1103 1736 benivolentiam
1132 1685 1225 1734 exer-

219 1788 309 1862 citus
334 1787 561 1890 equitumque
591 1802 789 1889 expertum,
816 1787 1042 1861 vehementer
1075 1787 1223 1886 gaudeo,

217 1914 273 1987 De
284 1888 494 2016 'Dolabella,
518 1928 558 1988 ut
583 1913 722 2015 scribis,
747 1914 775 1988 si
802 1913 888 2017 quid
912 1913 1020 1988 babes
1045 1915 1148 2016 novi,
1172 1914 1221 1988 sa·

219 2040 289 2113 cies
314 2067 370 2113 me
388 2043 589 2141 certiorem3
605 2043 642 2114 in
659 2066 730 2144 quo
748 2040 850 2115 valde
868 2040 1043 2139 delector,
1061 2066 1116 2114 me
1134 2054 1219 2114 ante

218 2168 431 2267 providisse,
456 2184 496 2241 ut
520 2184 619 2242 tuum
653 2170 821 2241 iudicium
846 2167 994 2241 liberum
1020 2182 1112 2242 esset
1138 2194 1220 2241 cum

217 2292 399 2367 Dolabella
424 2293 507 2367 belli
533 2295 692 2394 gerendi:
718 2309 754 2369 et
777 2295 815 2368 id
841 2293 942 2368 valde
969 2297 1151 2394 pertinuit,
1181 2309 1220 2369 ut

219 2446 284 2519 ego
311 2434 387 2492 tum
411 2420 666 2520 intelligebam,
690 2422 737 2494 ad
762 2448 834 2494 rem
852 2420 1048 2522 publicam,
1063 2436 1103 2494 ut
1120 2447 1217 2496 nunc

218 2545 355 2642 iudico,
387 2546 432 2619 ad
466 2546 668 2646 dignitatem
704 2563 809 2620 tuam.
847 2547 953 2639 Quod
987 2547 1130 2646 scribis,
1161 2574 1218 2621 me

216 2675 370 2749 maximo
398 2675 471 2746 otio
497 2676 624 2772 egisse,
657 2689 695 2747 ut
728 2676 916 2747 insectarer
940 2674 1135 2772 Antonios,
1169 2674 1224 2747 id-

219 2824 286 2901 que
318 2797 456 2896 laudas,
490 2799 596 2873 credo
629 2803 677 2874 ita
704 2800 814 2873 videri
848 2800 928 2874 tibi:
954 2800 1017 2873 sed
1043 2799 1138 2872 illam
1165 2800 1217 2873 di·

216 2926 441 2998 stinctionem
461 2942 554 2999 tuam
574 2926 669 3001 nullo
688 2941 792 3028 pacto
811 2927 934 3028 probo.
957 2927 1087 3000 Scribis
1105 2933 1222 3026 enirn,

216 3056 337 3124 acrius
356 3052 580 3154 prohibendo
607 3052 700 3127 bella
722 3056 839 3128 ciuilia
857 3081 950 3140 csse,
975 3081 1085 3156 parom
1104 3059 1141 3125 in
1160 3081 1219 3126 su·

211 3195 358 3278 perator
389 3182 614 3254 iracundiam
645 3182 893 3256 exercendam.
923 3181 1162 3255 Vehementer
1195 3206 1214 3253 a

216 3321 268 3405 te,
293 3309 417 3406 Brute,
442 3308 627 3382 dissentio:
653 3324 765 3410 neque
792 3308 996 3382 clementiae
1023 3322 1104 3379 tuae
1131 3333 1217 3380 con·

215 3433 323 3531 ced03
354 3434 417 3506 sed
446 3435 605 3508 salutaris
638 3437 803 3509 severitas
831 3438 942 3508 vincit
966 3436 1108 3507 inuncnr
1134 3460 1216 3533 spe·

214 3559 303 3630 ciern
324 3558 537 3633 clementiae.
563 3563 716 3653 Quodsi
735 3562 922 3635 clementes
939 3588 1013 3634 esse
1033 3560 1216 3655 volumus,

213 3711 404 3786 numquam
431 3687 577 3759 deerunt
603 3687 692 3761 hallu
719 3687 842 3761 civilia.
870 3687 939 3762 Sed
958 3688 1001 3760 de
1019 3687 1088 3760 boc
1107 3701 1145 3759 tu
1164 3686 1213 3758 vi·

215 3809 316 3882 deris.
340 3815 393 3885 De
419 3840 475 3886 rue
494 3842 636 3913 possum
662 3817 773 3914 idem,
800 3816 896 3916 quod
912 3816 1095 3892 Plautinus
1114 3829 1215 3915 pater

207 3934 252 4011 {in
278 3938 498 4014 Triuuunno:
523 3941 609 4013 mihi
625 3944 767 4042 quidem
785 3959 885 4016 oetas
910 3958 992 4016 acto
1006 3940 1125 4041 sienne
1141 3955 1211 4014 est:
