2624 4830
262 413 329 505 148
556 433 724 487 aersrucs
753 434 943 480 ccccxxxii.
1030 429 1061 479 Δ.
1080 435 1113 480 v.
1131 433 1159 480 c.
1180 444 1226 493 μ»

256 561 360 638 quam
381 538 450 607 vinr
476 535 604 607 habeat
619 552 659 634 ¹¹7
676 550 711 606 te
728 535 924 616 existimare
942 531 1054 632 malo,
1071 559 1178 635 quam
1193 560 1250 612 me

256 663 410 764 apertius
436 661 595 736 scribere.

602 1041 933 1117 accusaran-
993 1083 1228 1142 (rana-..cm
1284 1029 1289 1044 '

261 1229 478 1304 Argatnrentum.
489 1221 635 1304 Deplorat
646 1232 798 1306 acceptam
812 1220 927 1301 proc-iio
938 1219 1098 1279 Mutinensi
1113 1222 1154 1280 rei
1168 1217 1249 1300 pubi.

300 1330 513 1402 calamitatem
527 1349 617 1415 seque
631 1329 782 1395 communi
797 1325 932 1396 incendio
944 1346 1102 1395 occurrere
1112 1336 1249 1415 parntuur

256 1465 259 1471 ·
299 1435 438 1496 ostendit.

306 1670 360 1722 Ser.
380 1670 405 1722 in
424 1670 654 1745 ilispraniu·rritcr.‚
673 1670 776 1721 fortasse
790 1670 931 1733 corbulae,
954 1670 981 1719 A.
1002 1667 1034 1718 V.
1053 1669 1083 1719 C.
1104 1667 1208 1730 DCCX,

667 1782 752 1815 mense
771 1764 848 1814 Maio.

512 1962 659 2039 tutelo
685 1961 871 2027 CICERONI
897 1961 926 2024 S.
952 1963 1008 2023 ΡΛ

313 2176 346 2246 S.
372 2173 414 2244 V.
431 2173 468 2246 B.
493 2173 534 2246 E.
551 2172 591 2245 Β.
609 2171 652 2262 Q.
670 2170 713 2240 V.
731 2185 756 2217 ²·
772 2169 853 2266 Quo
880 2165 1012 2241 tardius
1043 2167 1171 2240 certior
1196 2167 1254 2239 fle·-

265 2323 337 2371 rem
364 2297 407 2368 de
432 2295 572 2398 proeliis
590 2295 686 2399 apud
702 2296 874 2380 Mutinam
892 2293 1015 2392 sactis,
1035 2291 1192 2392 Lepidus
1209 2290 1255 2362 ef·

264 2423 363 2520 fecit,
395 2424 453 2522 qui
487 2447 583 2495 meus
617 2419 813 2502 tabellarios
847 2445 972 2504 novem
1000 2417 1074 2491 dies
1100 2418 1256 2496 retinuit:

266 2550 404 2629 tametsi
439 2562 573 2630 tantam
611 2547 842 2625 calamitatem
876 2547 924 2627 rei
958 2543 1120 2646 publicae
1155 2569 1257 2644 quam

267 2673 460 2747 tardissime
492 2672 611 2747 andire
643 2674 836 2773 optandum
868 2687 940 2769 ,θεῖς
972 2671 1034 2744 scd
1064 2669 1131 2745 illis
1149 2673 1175 2768 ³,
1199 2671 1257 2771 qui

266 2798 433 2899 prodesse
457 2797 544 2871 nihii
569 2814 735 2899 possunt,
757 2825 870 2900 neque
896 2798 1034 2878 mederi.
1062 2800 1179 2898 Atque
1195 2796 1258 2868 uti·

267 2951 349 2999 nam
382 2925 506 2998 eodem
539 2941 678 2998 senatus
713 2927 891 3025 consulto,
924 2950 993 3026 qno
1025 2923 1196 2997 Plancum
1224 2934 1258 2993 et

266 3051 439 3150 Lepidum
466 3053 502 3122 in
528 3051 661 3131 ltaliam
689 3054 876 3136 arcessistis
892 3051 920 3147 4,
945 3078 1000 3124 me
1027 3075 1167 3152 quoque
1191 3050 1258 3120 ius·

268 3179 396 3250 sissetis
414 3179 549 3253 venire!
574 3180 733 3279 profecto
751 3206 823 3262 non
841 3179 1032 3278 accepisset
1049 3202 1104 3250 res
1121 3174 1258 3278 publica

268 3304 337 3390 lscc
355 3303 481 3386 vulnus
498 3307 523 3377 ⁵.
550 3308 630 3398 Quo
653 3308 683 3379 si
708 3309 766 3407 qui
783 3306 957 3389 laetantur
973 3306 1010 3384 in
1027 3303 1223 3404 praesentia
1235 3304 1260 3398 ⁶,

269 3433 349 3530 quia
379 3432 542 3520 videntur
568 3448 603 3506 et
628 3433 734 3506 duces
760 3417 795 3505 st
823 3432 975 3506 veterani
999 3429 1158 3503 Caesaris
1183 3453 1259 3527 par-

268 3555 357 3627 tium
382 3557 566 3658 interiisse3
591 3573 708 3633 tamen
725 3558 953 3659 postmodum
969 3581 1111 3630 necesse
1128 3535 1182 3628 eit
1199 3552 1268 3626 d0··

271 3678 382 3780 leant,
407 3711 514 3784 quum
541 3687 739 3760 vastitatem
764 3684 898 3776 Italiae
917 3683 1139 3784 respexerint
1172 3681 1258 3755 Nam

271 3818 308 3877 et
332 3805 439 3881 robur
463 3823 498 3881 et
522 3810 687 3884 subolesr
707 3812 855 3886 militum
879 3812 1025 3908 interiit5
1051 3809 1081 3883 si
1106 3806 1260 3910 quidem,

272 3958 360 4052 quae
384 3936 604 4036 nuntiantur,
631 3937 698 4016 utta
725 3966 766 4022 es
793 3953 891 4041 parte
917 3963 997 4014 vera
1024 3948 1114 4009 sunt.
1142 3933 1260 4042 Neque
