2624 4830
211 418 284 513 348
558 436 727 486 rrrsrorn
752 435 852 487 xrrn.
988 436 1183 502 nmen·

210 570 307 619 mum
323 554 395 632 est)
422 540 529 639 gratia
550 539 709 613 habenda
737 539 907 614 videatur.
932 537 1003 612 Sed
1028 541 1209 641 provehor

209 667 444 745 amorenNon
469 667 561 740 enirn
588 667 625 739 id
649 668 871 768 propositum
895 680 948 739 est
972 665 1054 740 huic
1079 668 1208 769 episto-

182 886 190 895 ι
207 796 279 897 lae,
299 792 483 869 Messalam
502 808 542 867 ut
557 792 714 893 laudem,
740 794 943 894 praesertim
968 793 1015 866 ad
1039 793 1206 894 Brutum,

207 923 265 997 eui
289 936 326 995 et
351 922 461 995 virtus
484 919 578 993 illius
603 946 676 995 non
700 922 838 1019 minus,
861 946 966 1024 quam
991 920 1095 1021 mihi,
1121 930 1205 994 not'a

206 1064 277 1148 est3
308 1062 345 1121 et
375 1048 463 1121 haec
494 1048 571 1147 ipsa
604 1046 740 1146 studia,
774 1074 863 1149 quae
888 1045 1013 1144 leudo,
1045 1049 1204 1122 notiora:

206 1202 312 1279 quem
336 1201 445 1277 quum
461 1200 482 1247 a
498 1199 555 1246 me
581 1173 775 1271 dimittens,
803 1174 955 1273 graviter
978 1174 1119 1272 ferrem,
1136 1174 1204 1248 boc

205 1300 349 1376 levabar
373 1325 461 1399 nno,
486 1298 582 1401 quod
616 1299 663 1372 ad
695 1314 747 1396 te,
781 1313 960 1401 tamquam
985 1299 1031 1371 ad
1056 1300 1204 1374 alterum

205 1453 278 1526 me,
303 1427 544 1527 proficiscens,
570 1440 605 1499 et
630 1424 747 1498 officio
766 1426 993 1525 fungebatur,
1010 1441 1046 1500 et
1062 1426 1207 1500 laudem

204 1555 393 1627 maximam
418 1551 636 1655 sequebatur.
663 1553 734 1625 Sed
759 1552 846 1626 baec
872 1552 1049 1626 hactenus.

256 1708 276 1754 2
302 1679 419 1752 Venio
445 1705 539 1753 nune
563 1679 670 1779 longo
697 1705 780 1753 sane
798 1678 983 1753 intervall'o
1010 1678 1056 1753 ad
1081 1707 1205 1783 quam-

205 1806 286 1879 dam
312 1805 513 1907 epistolam,
544 1833 610 1908 qua
638 1807 723 1879 mihi
749 1807 857 1879 multa
893 1806 1068 1905 tribuens,
1093 1835 1202 1880 unum

204 1933 501 2032 reprehendebas,
528 1934 623 2034 qnod
641 1935 676 2006 in
695 1933 888 2007 bortrilms
907 1932 1202 2006 decernendis-es-

203 2083 277 2132 sem
302 2061 443 2157 nimius,
470 2074 506 2131 et
532 2075 708 2160 tamqnam
729 2060 904 2158 prodigus.
931 2058 984 2130 Tu
1005 2059 1093 2131 bom
1115 2059 1202 2132 alius

202 2183 366 2283 fortasse,
394 2186 490 2286 quod
523 2188 559 2257 in
594 2185 895 2259 animadversione
923 2208 1108 2287 poenaque
1138 2186 1202 2258 dn⁴

202 2313 290 2410 rior,
314 2314 380 2384 nisi
408 2312 764 2413 firmamentumque
791 2327 837 2385 tu.
869 2311 976 2404 Quod
1003 2313 1031 2384 si
1057 2313 1104 2384 ita
1132 2328 1202 2408 est,

202 2438 382 2538 utriusque
407 2438 456 2510 rei
483 2462 598 2510 meum
623 2436 789 2510 iudicium
815 2436 879 2510 tibi
904 2435 1009 2539 cupio
1035 2464 1110 2511 esse
1137 2465 1202 2512 no·

202 2565 390 2636 tissimum:
417 2589 529 2665 neque
555 2561 687 2661 solum,
713 2577 752 2635 nt
778 2564 916 2637 Solonis
943 2564 1081 2637 dictum
1101 2592 1202 2638 usur-

200 2715 301 2788 pem,
326 2690 386 2788 qui
412 2703 448 2761 et
472 2690 746 2789 sapientissimus
772 2690 839 2762 suit
865 2718 907 2763 ex
933 2706 1082 2792 septem,
1100 2706 1136 2765 et
1152 2691 1202 2763 le·

200 2818 282 2913 gum
313 2816 466 2916 scriptor
497 2814 591 2889 solus
618 2843 660 2890 ex
686 2832 830 2917 septem.
863 2818 897 2890 Is
924 2846 996 2892 rem
1022 2816 1201 2917 publicam

201 2941 337 3015 duabus
364 2942 467 3015 rebus
494 2945 666 3018 contineri
701 2945 805 3043 dixit,
831 2947 987 3044 praemio
1014 2959 1049 3017 et
1074 2970 1200 3044 poena.

199 3067 265 3141 Est
290 3067 424 3142 scilieet
457 3071 641 3172 utriusque
669 3074 719 3145 rei
755 3071 897 3168 modus,
929 3074 1019 3143 sieut
1051 3070 1201 3170 reliqua-

199 3220 294 3295 rum,
320 3209 356 3268 et
381 3196 553 3298 quaedam
581 3199 619 3270 in·
644 3213 792 3301 utroque
819 3224 943 3296 genere
961 3196 1202 3270 mediocritas:

199 3321 263 3395 sed
287 3348 360 3395 non
389 3337 486 3396 tanta
517 3325 560 3396 de
578 3352 614 3397 re
633 3326 855 3426 propositum
880 3340 934 3398 est
949 3324 1018 3398 hoc
1036 3324 1115 3398 loco
1134 3324 1204 3397 dis·

198 3463 331 3547 putare.
367 3451 463 3540 Quid
498 3479 561 3550 ego
596 3466 711 3524 autern
742 3466 881 3525 secutus
914 3452 982 3524 hoc
1014 3449 1108 3523 bello
1134 3452 1202 3524 sim

197 3574 234 3646 in
259 3579 440 3649 sententiis
468 3577 645 3677 dicendis,
670 3577 822 3652 alienum
848 3600 920 3650 non
948 3593 1034 3677 puto
1056 3579 1201 3677 aperire.

249 3700 272 3773 3
297 3703 385 3776 Post
411 3705 589 3776 interitum
616 3707 790 3801 Caesaris,
816 3719 852 3776 et
878 3718 1010 3777 vestras
1031 3728 1203 3775 memora-

198 3824 285 3899 biles
311 3828 395 3900 ldns
422 3830 582 3927 Martias,
607 3833 733 3928 Brute,
762 3830 847 3931 quid
880 3856 945 3928 ego
978 3832 1199 3929 praetermis·

197 3982 273 4026 snm
301 3983 318 4027 a
348 3955 467 4055 vobis,
494 3972 731 4059 quantamque
751 3958 953 4058 impendere
972 3960 1018 4030 rei
1038 3955 1199 4056 publicae
