2624 4830
257 442 328 512 ηδ
554 451 724 503 nsrsruuu
750 447 911 499 ccccxxv.
1024 447 1056 498 s.
1073 453 1102 498 c.
1123 450 1158 497 v.
1177 461 1225 510 ,ιο

256 561 506 635 voluntatcms
532 554 577 628 ad
595 554 787 627 Antonium
812 553 936 624 ierant:
964 563 1082 625 tamen
1109 567 1250 628 nostrae

257 685 482 760 humanitatis
508 697 543 755 et
568 678 833 754 necessitudinis
857 703 1107 752 caucasorum
1132 679 1251 754 salutis

258 814 428 888 rationem
460 808 653 882 babuimus.
688 805 761 880 Nec
796 818 912 878 tamen
942 829 1065 877 eorum
1094 830 1205 905 opera
1224 824 1251 857 ¹⁰

258 941 402 1036 utimur,
418 961 530 1036 neque
547 935 584 1006 in
602 933 723 1006 castris
740 929 924 1028 habemus,
942 955 1055 1032 neque
1071 929 1135 1004 uili
1151 958 1253 1031 nego

261 1066 310 1140 tio
327 1062 562 1164 praefecimus.
589 1058 699 1151 Quod
716 1056 761 1130 ad
777 1056 907 1129 bellurn
925 1056 994 1129 hoc
1020 1059 1164 1155 attinet,
1190 1084 1253 1132 uec

259 1190 411 1287 senatui,
436 1213 502 1259 nec
527 1186 577 1259 rei
607 1183 769 1285 publicae
801 1181 980 1256 deerimus.
1005 1184 1106 1275 Quae
1133 1197 1254 1283 postea

261 1315 448 1413 egerimus,
465 1312 589 1384 faciam
609 1325 643 1383 te
661 1312 853 1383 certiorem.
878 1310 957 1382 Etsi
982 1309 1255 1409 omnitempore

261 1466 395 1512 summa
422 1438 536 1512 studia
563 1437 668 1510 officii
692 1450 817 1508 mutuo
836 1450 864 1485 ¹¹
891 1436 982 1508 inter
1005 1460 1070 1508 nos
1096 1438 1256 1509 certatim

264 1566 498 1638 constiterunt
535 1589 600 1663 pro
634 1576 753 1636 nostra
787 1563 879 1635 inter
910 1587 975 1634 uos
1007 1561 1258 1660 familiaritate,

262 1703 298 1763 et
318 1689 466 1791 proinde
492 1688 676 1788 diligenter
701 1687 746 1761 ab
773 1701 921 1789 utroque
937 1702 1144 1762 conservata
1161 1703 1255 1761 sunt:

263 1830 381 1889 tamen
397 1841 470 1889 non
488 1814 628 1915 dubito,
645 1815 682 1887 in
701 1828 800 1888 tanto
817 1829 853 1887 et
870 1827 943 1886 tarn
959 1815 1145 1914 repentino
1160 1827 1257 1888 motu

262 1945 312 2015 rei
337 1941 497 2043 publicae
517 1958 557 2037 ¹²,
581 1943 665 2042 quin
691 1939 857 2014 nonnulla
885 1940 930 2013 dc
955 1966 1012 2014 me
1034 1939 1129 2014 salsis
1145 1967 1258 2014 rumo-

263 2067 359 2141 ribus
377 2096 395 2141 a
414 2071 500 2142 meis
517 2067 824 2162 obtrectatoribus,
841 2092 898 2139 mc
914 2066 1071 2165 indigna,
1087 2067 1135 2148 ad
1152 2081 1188 2141 ts
1204 2065 1258 2140 dc·

262 2192 333 2266 lata
362 2196 449 2292 siut,
480 2222 568 2295 quae
594 2210 693 2266 tuum
719 2194 872 2266 animum
898 2218 1025 2290 magno
1051 2218 1160 2292 opere
1185 2218 1258 2267 mo·

266 2333 387 2421 serent
411 2346 476 2419 pro
503 2334 564 2393 tuo
595 2344 713 2392 amore
744 2323 781 2390 in
813 2345 885 2392 reru
919 2318 1105 2418 publicam.
1139 2321 1195 2393 Ea
1226 2333 1258 2392 tc

263 2442 442 2517 moderate
460 2445 652 2544 accepisse,
677 2469 790 2544 neque
816 2459 946 2518 temere
971 2444 1188 2519 credendum
1212 2447 1259 2518 iu-

264 2568 415 2667 dicasse,
441 2596 460 2641 a
486 2571 572 2642 meis
591 2570 876 2670 procuratoribus
894 2572 1022 2644 certior
1036 2597 1116 2644 sum
1134 2571 1259 2645 factust

263 2721 352 2797 quae
384 2694 467 2767 mibi
475 2751 485 2793 ,
518 2711 557 2768 ut
590 2695 736 2794 debent,
769 2699 962 2794 gratissima
994 2712 1084 2771 sunt.
1114 2699 1261 2772 Memini

263 2822 357 2893 enirn
382 2835 418 2893 et
442 2820 500 2893 illa
515 2823 544 2873 ¹³
562 2825 760 2923 superiora,
792 2850 881 2925 quae
906 2823 968 2897 abs
993 2838 1054 2897 tua
1079 2825 1259 2900 voluntate

263 2945 419 3047 profecta
446 2962 544 3047 sunt,
570 2949 617 3022 ad
642 2976 756 3023 meam
781 2951 987 3050 dignitatem
1012 2952 1210 3051 augendam
1226 2966 1260 3026 et

263 3073 473 3148 ornandam:
500 3102 588 3177 quae
615 3092 786 3178 perpetuo
804 3078 921 3153 animo
948 3103 1027 3152 meo
1053 3078 1122 3152 fixa
1149 3105 1261 3153 mane·

263 3199 353 3274 bunt
375 3200 411 3274 ι4.
438 3201 511 3274 Abs
538 3217 589 3301 te,
614 3206 661 3275 mi
688 3206 828 3302 Cicero,
861 3230 1073 3305 magnopere
1099 3221 1202 3306 peto,
1234 3207 1261 3278 si

264 3353 378 3400 ineam
406 3330 513 3400 vitam
539 3344 575 3402 et
599 3330 752 3403 studium
783 3330 1044 3428 diligentissime
1059 3335 1088 3381 ¹⁵
1106 3335 1261 3431 superio·

264 3452 360 3526 ribus
401 3456 616 3554 temporibus
649 3459 686 3529 iu
718 3484 754 3530 re
788 3456 928 3556 publica
965 3457 1261 3552 administranda,

266 3602 354 3675 quae
379 3580 516 3679 Lepido
548 3582 652 3679 digna
686 3598 768 3655 suut
786 3586 826 3680 ¹⁶,
853 3599 1037 3683 perspecta
1069 3583 1196 3683 babes,
1227 3596 1261 3655 ut

254 3700 380 3799 paria,
414 3718 474 3776 aut
502 3730 544 3778 eo
577 3708 747 3809 dmpliom
781 3708 913 3811 reliquo
949 3724 1109 3810 ternpore
1143 3735 1260 3810 exspe-

268 3836 356 3896 ctes:
383 3841 419 3898 et
443 3831 590 3927 proinde
617 3847 676 3906 tua
703 3836 910 3908 arictoritatc
936 3863 991 3907 mc
1011 3834 1181 3909 tuendum
1199 3833 1261 3906 exi·

268 3949 403 4051 stinres,
434 3981 502 4056 quo
537 3957 599 4031 tibi
633 3959 731 4061 plura
768 3973 827 4033 tuo
861 3963 986 4036 merito
1019 3961 1142 4037 debeo.
1169 3957 1259 4037 Vale.
