2624 4830
432 416 465 463 ιιι
492 413 675 463 ιιιιίοιιε
983 393 1058 492 489

62 544 97 584 ra
111 523 290 584 Auctoratus
295 561 305 590 ,
320 519 418 578 Acron
432 516 472 577 ad
485 515 558 578 Hor.
574 515 636 579 Sat.
650 516 694 596 ll,
707 536 742 600 7,
755 516 812 601 59,
821 516 915 578 dictos
928 517 967 578 ab
981 522 1059 580 anti·

98 633 167 712 quis
178 631 236 711 ait,
252 628 304 710 qui
325 646 357 687 se
376 624 449 686 ludo
462 623 673 703 vendiderant,
686 628 771 688 sicuti
784 631 1059 689 exarwtorationem

99 757 164 799 esse
176 734 374 819 gladiatorum
384 732 593 794 venditionem.
606 732 725 818 Duplici
739 744 839 795 autem
849 734 941 795 modo
951 755 983 796 se
992 738 1058 818 quis

100 854 257 906 auctorare
271 852 402 927 poterat,
416 851 481 902 tum
494 841 665 903 venditione
678 853 860 925 acceptoque
873 846 979 927 pretio,
992 855 1057 904 tum

100 963 131 1014 et
151 951 297 1012 locatione
317 948 373 1010 sub
395 960 475 1010 certa
494 948 641 1011 mercede.
661 948 783 1011 Maaoc.
808 952 839 1010 in
859 949 958 1012 Tabb.
985 950 1056 1012 Her.

100 1082 129 1142 p.
149 1060 220 1137 die.
241 1059 290 1119 Sic
310 1057 412 1138 legunt
431 1056 499 1117 edd.
520 1058 575 1119 Ro.
601 1056 682 1118 Med.
703 1069 733 1119 et
752 1056 858 1118 Lamb.
877 1057 979 1141 (Med
1000 1081 1057 1120 au-

100 1164 236 1248 ctorare)
255 1164 338 1248 quod
357 1163 537 1225 simillimum
558 1184 631 1225 vero
650 1162 759 1227 indico.
779 1165 919 1229 Nosterb
933 1180 1058 1229 avertere

102 1296 134 1335 sc
154 1295 185 1334 se
204 1273 336 1335 vokbats
358 1291 392 1334 ra
413 1285 562 1334 amtorem
581 1293 613 1332 se
631 1294 664 1334 se
683 1273 745 1335 nol.
764 1273 846 1335 Tum
858 1271 905 1335 ad
912 1275 1059 1359 populum

99 1381 282 1464 corfirgeras,
302 1382 420 1442 ateius
440 1400 499 1463 ope
518 1378 704 1441 liberaretur.

69 1490 103 1551 13
124 1490 172 1550 Sic
191 1488 339 1551 Victorius
359 1490 421 1572 ipae
436 1485 626 1566 coniiciebut,
639 1499 671 1549 et
682 1486 804 1549 edidere
816 1490 896 1549 Man.
910 1500 940 1551 et
953 1489 1060 1552 Lamb.

103 1596 203 1680 Vulgo
213 1592 345 1669 collecti,
364 1582 404 1657 ex
423 1615 486 1678 quo
505 1593 626 1679 quidem
639 1606 725 1679 potes
739 1595 914 1680 intelligere,
928 1597 1062 1681 lapidum

100 1708 160 1765 rim
188 1720 327 1787 magnam
353 1703 527 1783 collectam,
550 1722 649 1785 neque
677 1715 776 1765 tamen
802 1707 984 1786 coniectum,
1008 1703 1062 1766 aed

102 1815 188 1874 nimis
201 1823 315 1893 argute.
336 1811 376 1872 Ia
388 1831 469 1893 urm,
489 1812 521 1872 in
533 1810 670 1872 Balbum.
692 1811 772 1872 inira
785 1811 853 1874 edd
868 1833 913 1894 pr.
928 1823 958 1875 et
972 1812 1060 1875 codd.

103 1922 203 2003 amipli
217 1918 351 2002 plerique
365 1938 434 1979 cum
447 1916 554 1979 Lamb.
567 1920 754 2000 arriperetur.
772 1921 855 1980 Tum
868 1918 1062 2001 abstractos,

104 2027 212 2088 scillcet
232 2047 250 2085 a
269 2024 390 2109 populo.

69 2136 105 2212 ¹4
124 2135 159 2195 ln
178 2137 242 2218 ipso
254 2132 398 2195 ludorum
416 2132 491 2195 loco.
513 2131 662 2216 Pransm,
681 2132 769 2196 nudis
786 2133 913 2218 pedibus
933 2145 1003 2218 etc,
1023 2138 1062 2197 si·

102 2263 180 2325 gna,
199 2243 295 2324 inquit
314 2241 338 2302 l.
358 2240 395 2303 F.
416 2241 601 2320 Gronovius,
625 2242 657 2302 in
675 2252 758 2303 tanto
777 2242 908 2304 facinore
927 2263 1061 2304 summae

103 2349 274 2411 insolentiae
288 2370 324 2410 ac
336 2351 508 2411 securitatis.
528 2349 677 2413 Pramus.-
690 2370 752 2410 ιιοιι
765 2352 843 2411 enim
858 2370 960 2413 omnes
972 2371 1062 2434 pran-

106 2455 177 2519 dere
189 2455 338 2537 solebant,
358 2459 461 2539 etqui
481 2455 631 2539 solebant,
651 2459 788 2540 exiguum
810 2457 936 2541 aliquid,
956 2468 987 2519 et
1005 2461 1063 2518 sic·

105 2585 175 2625 cum
195 2564 352 2627 sumebant
364 2563 403 2624 ad
416 2566 493 2627 eires
512 2563 686 2627 reficiendas
707 2565 798 2644 (Cels.
818 2566 846 2651 l,
866 2566 885 2626 3
907 2568 985 2626 circa
998 2563 1064 2646 du,

103 2672 173 2733 Seu.
195 2694 241 2755 ep.
263 2671 319 2755 83,
338 2671 360 2734 5
370 2671 390 2755 l
416 2673 618 2736 Prandiorunr
636 2685 796 2758 apparatus
816 2673 917 2735 obiicit
936 2675 1064 2736 Antonio

106 2779 211 2840 Cicero
230 2780 306 2840 Phil.
328 2780 368 2863 ll,
390 2781 445 2864 39,
467 2792 498 2842 et
516 2780 604 2843 Verri
624 2783 654 2842 in
673 2781 759 2843 Verr.
780 2782 809 2860 l,
834 2801 878 2865 ¹9
900 2780 999 2843 Nudis
1014 2802 1065 2864 pe·

105 2886 212 2948 dibus:
238 2887 335 2948 solum
355 2890 433 2949 enim
455 2890 486 2950 in
506 2891 645 2951 conviviis
663 2900 696 2951 et
716 2889 796 2950 domi
817 2889 904 2950 nudis
922 2886 1065 2972 pedibus,

104 2993 152 3054 vel
172 2997 202 3054 in
221 2995 302 3056 solaa
322 3016 385 3057 ease
398 2995 534 3058 solebant
545 2997 688 3079 Romani3
709 2997 812 3058 calceis
825 2999 856 3057 in
869 2995 989 3079 publico
1001 3007 1066 3058 ute-

107 3101 225 3163 bantur.
246 3102 323 3164 llinc
344 3125 445 3167 amara
465 3086 514 3165 illa
533 3107 564 3166 in
581 3105 707 3166 Verrem
720 3105 862 3165 solearum
876 3102 1066 3185 reprehensio

107 3209 194 3270 Verr.
206 3209 245 3293 V,
265 3209 314 3271 33.
334 3210 477 3272 indecore
498 3213 590 3292 igitur
608 3211 719 3273 Balbus
737 3210 819 3292 feeit,
839 3211 907 3291 qui,
926 3221 1066 3291 quaestor

105 3337 203 3398 quum
224 3329 312 3400 esset,
332 3320 363 3377 in
383 3317 461 3379 ludis
474 3339 583 3400 magna
595 3317 697 3401 populi
712 3316 900 3378 multitudine
913 3315 999 3376 nudis
1012 3334 1068 3397 pe·

106 3422 197 3483 dibus
210 3424 411 3485 inambulavit
435 3424 551 3486 Τιιιιίοα
564 3425 681 3508 sousa,
701 3422 777 3485 idest
792 3422 964 3502 discinctus,
984 3424 1068 3504 quod

106 3550 214 3611 parum
228 3531 311 3591 virile
332 3543 404 3591 erat
426 3530 495 3591 Seu.
517 3551 564 3613 ep.
584 3550 624 3613 9²
646 3541 716 3591 extr.
738 3528 777 3591 de
796 3529 981 3591 lllecaenate:
998 3529 1068 3591 Alte

104 3637 233 3696 cinctum
250 3651 335 3719 putes
362 3637 494 3699 dixisse:
516 3639 620 3699 habuit
644 3639 722 3699 enim
747 3637 893 3718 ingenium
911 3650 940 3698 et
956 3632 1070 3718 grande

105 3756 135 3802 et
154 3744 252 3819 virile,
272 3745 332 3806 nisi
355 3744 432 3806 illud
447 3767 546 3807 secum
558 3744 763 3807 dissitatisset:
783 3746 865 3808 Turn
878 3743 1014 3805 manibus
1027 3744 1073 3806 ad

107 3863 219 3930 tergum
233 3852 365 3925 reiectis,
386 3853 469 3934 quod
481 3851 660 3915 inurbanum
676 3863 737 3936 est,
750 3863 779 3916 et
792 3873 1004 3936 nonuunquam
1020 3850 1072 3912 do·
1143 3926 1146 3931 Ι

109 3958 277 4021 minationis
298 3959 469 4042 superbiam
490 3964 572 4048 sapit
