2624 4830
170 425 224 500 36
468 441 634 492 sensuum
666 439 852 489 nccxcvna.
944 435 976 485 a,
993 438 1027 486 v.
1044 436 1073 486 c
1090 449 1148 500 ,ιω

169 571 236 649 pro
251 545 421 618 concione
438 539 581 638 dixisse,
605 566 710 614 nemo
738 537 880 613 vocabit
895 552 925 604 ¹9
940 538 977 609 in
1004 536 1167 638 dubium,

168 671 386 771 provinciam
409 693 467 740 me
491 665 595 762 nulli,
627 667 692 739 uisi
726 665 785 766 qui
816 664 861 736 ab
892 676 1012 736 senatu
1039 667 1164 738 missus

168 799 337 890 venisset,
366 791 584 866 traditurum.
618 791 708 864 Nam
742 791 786 862 de
817 788 955 886 legione
988 791 1162 888 trigesima

167 919 337 995 tradenda
365 932 513 1020 quantas
538 917 717 1015 habuerim
749 917 992 988 contentiones
1010 931 1052 1012 ²⁰,
1078 916 1163 1018 quid

167 1073 233 1146 ego
249 1043 421 1120 scaibaml
441 1046 520 1135 Qua
538 1043 683 1139 tradita,
709 1056 840 1144 quanto
867 1066 933 1140 pro
959 1067 996 1114 re
1021 1018 1176 1140 publicu¹
1201 1111 1204 1117 .

166 1171 336 1245 infirmior
360 1167 496 1242 lutosus
521 1169 661 1266 luerim,
686 1170 763 1268 quis
788 1166 946 1263 ignorati
971 1167 1048 1240 Hac
1070 1169 1162 1242 enim

166 1295 302 1391 legione
327 1294 399 1366 noli
426 1296 556 1390 acrius,
581 1307 642 1366 aut
666 1294 859 1393 pugnacius
883 1293 1070 1393 quicquam
1098 1319 1162 1392 pu-

166 1435 241 1492 tare
257 1434 298 1491 ²¹.
325 1420 444 1509 Quare
468 1444 547 1491 eum
565 1445 621 1491 me
639 1421 796 1493 existima
814 1443 910 1516 esse,
934 1419 993 1519 qui
1010 1420 1162 1518 primum

165 1545 263 1644 pacis
291 1544 534 1643 cupidissimus
559 1548 624 1617 sim
652 1556 792 1632 (omnes
818 1547 911 1617 enim
938 1545 1032 1617 cives
1057 1543 1162 1643 plane

166 1669 291 1743 studeo
309 1695 383 1740 esse
400 1668 553 1768 salvos);
577 1671 718 1768 deinde,
739 1672 798 1773 qui
824 1683 860 1743 et
884 1696 940 1742 me
957 1685 993 1742 et
1009 1694 1082 1743 rem
1100 1694 1163 1768 pu·

164 1793 291 1869 blicam
321 1796 496 1868 vindicare
513 1799 549 1867 in
566 1796 761 1869 libertatem
788 1811 929 1896 paratus
952 1796 1027 1869 sim.
1054 1795 1161 1887 Quod

164 1919 367 1995 familiarem
392 1948 510 1996 meum
527 1939 559 1972 ¹²
584 1937 723 1996 tuorum
757 1948 903 1997 numero
929 1921 1055 2019 habes,
1084 1923 1161 2022 opi-

163 2048 270 2121 nione
297 2061 356 2121 tua
386 2048 473 2132 mihi
506 2050 634 2146 gratius
667 2064 729 2124 est
763 2050 912 2125 Invideo
944 2047 994 2121 illi
1028 2060 1162 2146 umen,

165 2173 261 2273 quod
278 2173 487 2248 ambulatet
502 2176 637 2249 iocatur
654 2191 778 2249 tecum.
805 2178 903 2268 Quas
918 2201 973 2248 res
991 2175 1022 2224 ²³
1039 2173 1162 2276 quanti

143 2297 362 2392 aestimem,
386 2301 414 2369 si
440 2323 606 2399 umquam
623 2302 759 2374 licuerit
783 2305 901 2375 vivere
926 2302 961 2373 in
988 2302 1082 2398 otio,
1106 2323 1161 2372 ex·

163 2422 317 2521 perieris.
345 2420 485 2495 Nullum
513 2427 606 2497 euim
631 2429 816 2529 vestigium
842 2427 904 2500 abs
929 2443 964 2499 te
989 2426 1158 2533 discessuf

162 2544 265 2618 rus²l
283 2574 369 2618 sum.
394 2547 486 2620 Illud
506 2551 729 2627 vehementer
753 2551 907 2627 admiror
919 2557 962 2653 ²⁵,
978 2577 1052 2626 non
1073 2554 1171 2627 scri·⁴

162 2671 274 2770 puisse
292 2686 327 2745 te
344 2672 444 2772 mihi,
463 2660 691 2751 manendoin
709 2680 908 2780 provincia,
933 2705 977 2752 au
996 2676 1157 2752 ducendo

163 2797 352 2885 exercitum
377 2799 414 2871 iu
440 2800 594 2901 Italiam,
627 2807 675 2877 rei
704 2805 864 2905 publicae
890 2808 998 2905 magis
1023 2791 1171 2880 satisfu-⁸

163 2946 242 2995 cere
267 2927 408 3023 possim.
433 2931 510 3026 Ego
529 2929 688 3031 quidem,
712 2935 778 3006 etsi
803 2933 888 3006 mihi
913 2935 1021 3007 tutius
1038 2959 1080 3007 ac
1097 2934 1157 3006 mi·

161 3073 229 3122 nus
254 3048 466 3126 labon'usum
492 3070 561 3153 eet,
587 3082 744 3159 manece3
769 3072 905 3159 tamen,
930 3061 1011 3163 quia
1036 3058 1158 3155 video,

141 3173 220 3279 'tali
246 3181 558 3277 tempure-multo
590 3186 699 3281 magis
731 3183 924 3284 legionibus
949 3210 1040 3287 opus
1064 3211 1158 3282 esse,

162 3294 490 3406 qualu‘pauviuciis,
517 3334 605 3410 quae
625 3314 827 3411 praesertim
845 3314 1043 3413 recuperari
1057 3311 1154 3384 nullo

160 3428 301 3522 negotio
318 3424 484 3532 possunt,
501 3436 686 3537 constitui,
710 3451 750 3510 ut
766 3464 861 3512 nunc
877 3455 946 3539 est,
964 3465 1045 3512 cum
1063 3464 1155 3510 exea-

160 3550 231 3624 cilu
250 3557 434 3652 proficisci.
460 3562 595 3635 lleiude
621 3590 664 3636 cx
688 3563 810 3663 literis,
834 3594 920 3668 quas
936 3569 1073 3664 Pansae
1090 3571 1152 3638 mi·

160 3676 188 3748 si
203 3678 246 3775 ²⁶,
263 3704 452 3777 cognosces
470 3692 595 3760 omnia.
611 3690 701 3764 Num
720 3692 782 3765 tibi
800 3720 917 3769 earum
933 3694 1150 3795 exemplar*

159 3803 245 3877 nusi.
272 3806 380 3881 xvtl
406 3810 482 3887 Kal.
508 3805 615 3915 aprile
641 3819 814 3893 Corduba.
840 3821 937 3894 Vale.
987 3906 1004 3937 0
