2624 4830
240 403 311 497 448
611 414 875 468 snsorrrronrs

135 590 138 602 .
244 549 279 590 so
298 524 386 588 Nullo
405 543 460 584 sno
479 521 583 604 culpa,
604 541 642 581 ex
661 523 711 602 iis,
732 540 810 600 quae
823 520 886 600 ipse
899 537 960 577 noo
972 519 1130 579 contraxit.
1153 517 1192 580 Et
1205 523 1250 580 sie

279 634 320 696 ad
339 635 378 711 Q.
391 632 514 692 fiunem
534 651 581 711 ep.
601 628 721 706 XXIX,
747 648 773 686 r:
796 624 847 687 Εα
866 626 1073 687 ”solertissime
1084 625 1173 707 serre
1193 629 1248 687 iro-

279 745 373 804 mines
385 740 502 812 debent,
523 758 602 820 quae
621 737 754 819 ipsorum
772 735 864 818 culpa
877 746 1028 795 contrado
1040 747 1121 795 orant.
1139 735 1249 795 Gmer.

280 847 386 910 Lomb.
406 846 502 928 copiis
521 845 584 903 suis
604 841 734 903 nondum
755 843 922 902 contractis.

245 977 276 1018 u
300 955 456 1018 Sohiitzius
468 952 600 1043 aperiet,
621 962 656 1011 ut
673 952 819 1033 superiori
831 949 958 1010 habebat
971 953 1156 1011 oonveniret.
1171 951 1251 1010 Con·

279 1075 325 1126 tra
345 1052 502 1123 Emesrtus‘
518 1060 627 1121 habear
639 1093 681 1103 -
693 1059 786 1136 absit,
807 1057 893 1141 plane
908 1068 943 1118 ut
954 1057 1043 1119 Aiob.
1056 1059 1249 1139 quintusdeo.

280 1173 351 1233 Mox
373 1171 463 1253 affert
481 1168 701 1251 difficultatem,
728 1188 766 1227 ne
791 1165 900 1227 scilicet
919 1168 1065 1227 Antonius
1085 1169 1251 1249 recipiatur

281 1278 321 1344 ob
341 1280 470 1340 exercitu
490 1275 613 1359 Lepidi3
639 1273 723 1356 quod
749 1277 854 1335 evenit.
882 1275 932 1334 Sic
958 1275 980 1335 1.
1008 1275 1043 1334 F.
1072 1276 1250 1336 Gronovius

281 1389 410 1468 exponit.
432 1383 520 1445 Amb.
541 1382 727 1464 quintusdec.
749 1384 838 1443 Imber
856 1381 923 1464 diff.
946 1383 1027 1443 Tum
1047 1404 1251 1468 nmgrormque

280 1492 368 1554 taber
390 1513 511 1563 casum,
540 1492 649 1553 scilicet
674 1490 768 1553 multa
794 1491 928 1552 accidere
957 1503 1097 1575 possunt,
1117 1515 1148 1552 v.
1169 1515 1197 1554 o.
1217 1505 1253 1554 ut

280 1621 350 1684 pers
373 1602 515 1661 exercitus
536 1599 641 1681 Lepidi
663 1599 703 1660 od
723 1599 839 1661 hostem
860 1597 995 1679 deficiat,
1022 1599 1107 1682 quod
1135 1600 1251 1663 factum

280 1706 349 1770 vide
369 1710 399 1769 io
421 1727 468 1791 ep.
488 1706 705 1770 Dcccxhvn
727 1709 788 1768 init.

245 1833 280 1881 ts
299 1815 341 1877 Et
360 1814 437 1879 adeo
456 1814 615 1897 perculsas.
634 1816 788 1877 Ernestius
810 1815 918 1878 delevit
938 1817 998 1889 sic,
1019 1827 1129 1899 putans
1152 1839 1250 1880 essen

281 1923 459 2008 glossatore,
478 1927 530 2007 qui
552 1945 616 2007 sup.
637 1938 749 1986 toruum
776 1924 957 2009 explanaret.
982 1924 1044 1986 Sed
1063 1939 1181 1986 monim
1203 1949 1250 1988 re·

280 2032 375 2095 fertur
395 2033 435 2094 ad
455 2053 509 2093 coir
554 2053 573 2092 ο
594 2043 624 2094 et
644 2032 794 2116 despicio,
815 2045 847 2094 et
865 2036 909 2094 sic
934 2032 973 2093 ad
996 2035 1165 2115 pervulsa-s.
1188 2035 1252 2095 Er·

280 2144 407 2204 uestium
426 2144 514 2202 tacite
536 2144 670 2223 sequitur
690 2140 809 2201 sehon.

244 2246 280 2310 13
300 2248 470 2327 Bromius,
490 2248 645 2310 Schiitzius
665 2261 695 2309 et
716 2249 826 2328 oreti,
847 2249 884 2310 de
904 2251 1031 2312 Puteani
1055 2255 1250 2334 coniectura,

279 2355 403 2425 uicerisr
427 2356 509 2438 quod
531 2357 638 2418 vulnus
659 2356 715 2417 sub
737 2369 805 2418 oute
831 2379 891 2418 non
919 2370 970 2418 est
992 2357 1083 2419 Aliud
1109 2381 1168 2442 pro
1190 2360 1249 2422 alio

280 2466 474 2523 oommutarit
493 2463 600 2546 procul
620 2463 714 2524 dubio
735 2465 870 2526 Plancus.

244 2570 281 2647 14
300 2571 359 2631 Nisi
370 2571 476 2632 eodem
488 2571 555 2631 loco
568 2593 625 2654 ego
640 2584 669 2632 et
683 2573 814 2655 Lepidus
827 2573 1005 2634 haberemus
1017 2575 1248 2658 castra.'Quart.

280 2675 317 2734 H.
331 2697 356 2735 e.
371 2680 424 2737 nisi
440 2700 487 2737 me
502 2700 569 2738 cum
584 2679 698 2762 Lepido
714 2685 941 2765 coniungerem,
956 2703 1017 2742 non
1031 2704 1151 2764 possem
1167 2705 1250 2745 exer·

278 2785 369 2844 citum
391 2784 495 2864 Lepidi
518 2788 546 2844 in
567 2784 627 2847 fide
648 2792 689 2847 rei
712 2789 795 2870 publ.
813 2794 948 2850 retinere.
971 2791 1129 2850 sebonius
1144 2813 1248 2853 corre-

278 2892 405 2952 ctionem
426 2892 551 2953 Manutii
573 2906 602 2954 et
616 2896 741 2955 Weiskii
763 2900 791 2957 si
810 2921 868 2960 uno
890 2900 954 2959 ioco
975 2921 1021 2960 mc
1042 2913 1061 2959 t.
1084 2904 1248 2983 expressit3

278 2996 316 3058 de
342 3019 403 3079 quo
424 2999 481 3060 vid.
509 3000 547 3062 ad
569 3024 614 3084 op.
636 3004 853 3065 DCCCXLVH
876 3006 931 3066 sub
952 3009 1013 3066 init.
1034 3007 1123 3066 Amb.
1147 3007 1165 3067 3
1189 3010 1249 3069 nisi

278 3125 336 3164 uno
359 3107 389 3166 in
409 3107 492 3178 locor
514 3110 619 3169 Lomb.
640 3111 700 3170 nisi
719 3135 777 3172 nno
799 3115 864 3173 loco
885 3128 1068 3174 moraremur.

242 3210 278 3274 15
298 3212 357 3272 zet.
380 3216 405 3273 A
428 3216 510 3297 Quos
530 3217 558 3276 si
578 3240 607 3278 a.
630 3241 669 3280 m.
690 3223 874 3302 oppresserit.
900 3223 973 3281 Mox
993 3222 1108 3281 Manut
1137 3223 1248 3283 Larnb.

186 3304 190 3311 ⁸
278 3332 308 3382 et
334 3321 479 3384 Graevius
506 3348 583 3407 quac
609 3349 656 3387 mc
676 3362 717 3373 —
736 3329 898 3400 extimo,-
925 3340 959 3389 ut
986 3332 1016 3393 in
1037 3329 1128 3391 Amo.
1153 3353 1249 3413 quar·
1287 3385 1291 3391 .

278 3429 391 3511 tuden,
413 3432 464 3493 sed
486 3455 503 3493 a
526 3456 542 3494 a
566 3457 665 3498 monn.

619 3758 809 3819 DCCCXXV
814 3760 864 3819 iil.

243 3979 254 4018 ι
278 3958 340 4020 Pal.
363 3983 417 4024 sex.
439 3981 465 4027 et
485 3971 608 4055 collega.
638 3977 718 4037 Tum
740 3972 827 4033 Arnb.
856 3977 1044 4054 ‹proriusdoo
1073 3994 1100 4040 rt
1127 3982 1248 4062 collega

278 4088 345 4149 spes
366 4075 461 4134 omnis
482 4079 539 4138 sila
558 4093 608 4140 est.
