2624 4830
242 463 313 538 ooo
543 459 710 508 eersrona
738 459 919 506 occcxmu.
1022 456 1200 518 unum

239 563 278 635 id
311 560 477 663 consequi
508 575 544 633 et
576 562 716 633 relicere
755 559 843 631 volo.
884 556 990 649 Quod
1024 558 1125 631 aliter
1153 583 1224 632 nou

239 701 358 787 potest
389 687 480 783 fieri,
505 687 572 758 nisi
590 687 621 735 ²⁸
647 687 797 784 spatium
823 681 987 757 habuero.
1017 683 1075 782 ld,
1101 697 1142 757 ut
1165 708 1225 784 per

240 827 275 886 te
300 837 508 913 consequar,
533 810 655 909 velim,
678 826 719 883 ut
743 810 849 907 solet,
874 809 936 882 tibi
962 835 1064 882 curae
1087 812 1141 882 sit.

288 939 311 1034 4
336 939 414 1036 Ego
439 964 495 1010 me
521 936 565 1008 dc
590 963 627 1009 re
652 935 792 1035 publica
810 949 943 1036 puto²9
959 962 1034 1008 esse
1050 936 1224 1032 meritum,

238 1078 280 1136 ut
302 1088 375 1137 non
397 1062 599 1163 provinciae
615 1062 715 1134 istius
730 1061 939 1134 beneficium
954 1075 1154 1161 exspectare
1171 1059 1224 1132 de

237 1187 359 1288 bearn,
383 1189 447 1261 sed
472 1201 627 1287 tantum,
654 1165 822 1289 quantum
848 1187 987 1261 Cassius
1012 1200 1049 1258 et
1071 1186 1169 1260 Bruti
1184 1187 1225 1282 ³⁰,

238 1338 312 1385 non
336 1312 449 1386 solum
473 1311 563 1384 illius
594 1311 675 1384 sacti
709 1310 921 1412 periculique
953 1312 1135 1408 societate,
1165 1311 1224 1383 sed

239 1438 343 1509 etiam
374 1437 474 1509 buius
507 1436 675 1532 temporis
707 1435 823 1508 studio
856 1449 894 1508 et
923 1436 1060 1510 virtute.
1092 1437 1224 1508 Primus

239 1563 331 1635 enim
357 1587 422 1660 ego
447 1561 539 1660 leges
560 1563 776 1635 Antonianas
794 1563 823 1613 ³¹
851 1561 959 1661 fregi,
979 1563 1110 1663 primus
1136 1563 1224 1663 equi·

239 1701 351 1761 tatum
375 1686 575 1761 Dolabellae
601 1687 742 1760 adrem
769 1687 945 1786 publicam
971 1687 1125 1787 traduxi,
1148 1688 1225 1761 Cae

238 1807 359 1917 sicque
385 1813 529 1914 tradidi,
560 1814 692 1914 primus
719 1813 873 1887 delectus
898 1812 1004 1886 lrabui
1029 1792 1094 1914 pro
1119 1811 1224 1886 salute

238 1941 395 2014 omnium
414 1953 536 2046 contra
554 1941 829 2013 coniurationem
848 1939 1159 2037 sceleratissimam,
1176 1963 1226 2012 ao-

237 2065 293 2139 lus
309 2068 430 2141 cassio
448 2080 484 2140 et
500 2067 550 2140 rei
567 2065 727 2167 publicae
744 2066 881 2165 Syriam
898 2067 1151 2166 exercitusque,
1169 2064 1226 2166 qui

238 2190 288 2262 ibi
313 2206 426 2288 erant,
452 2193 625 2264 coniunxi.
651 2191 758 2290 Nam,
783 2192 849 2265 uisi
874 2216 939 2288 ego
964 2204 1098 2264 tantum
1123 2217 1226 2290 pecu·

237 2316 350 2411 niam,
375 2329 542 2416 tantaque
568 2317 739 2414 praesidia
767 2331 803 2389 et
828 2330 900 2389 tam
925 2317 1081 2390 celeriter
1109 2316 1226 2391 Cassio

238 2437 429 2537 dedissem,
457 2464 503 2511 ne
528 2466 631 2513 ausus
657 2442 797 2542 quidem
824 2456 914 2516 esset
938 2444 988 2515 ire
1013 2443 1050 2514 in
1076 2441 1226 2541 Syriam,

236 2577 272 2638 et
296 2590 391 2638 nunc
415 2589 487 2636 non
514 2566 648 2639 minora
675 2567 827 2666 pericula
851 2569 898 2641 rei
924 2567 1084 2667 publicae
1111 2593 1129 2638 a
1155 2569 1225 2639 Do·

236 2688 360 2763 labella
389 2691 574 2788 instarent,
606 2718 710 2792 quam
740 2692 785 2766 ab
810 2695 976 2769 Antonio.
1004 2696 1116 2794 Atque
1142 2692 1224 2764 haec

236 2817 353 2889 omnia
388 2816 416 2888 is
450 2815 537 2913 feci,
571 2818 629 2916 qui
666 2816 796 2891 sodalis
816 2819 848 2868 ³²
877 2834 913 2891 et
946 2797 1225 2895 familinriasimus

235 2939 437 3015 Dolabellae
463 2967 573 3040 eram,
602 2943 905 3017 coniunctissimus
930 2944 1098 3042 sanguine
1122 2944 1227 3015 Anto-

235 3066 303 3139 niis
321 3067 369 3166 ³³5
393 3067 610 3168 provinciam
638 3094 777 3169 quoque
806 3068 945 3142 illorum
970 3069 1142 3141 beneficio
1167 3066 1226 3138 lra-

159 3280 161 3285 .
217 3189 380 3292 bebam,
404 3191 486 3291 sed,
511 3194 640 3288 πατρίδα
664 3198 739 3284 ἐμὴν
765 3198 875 3286 μᾶλλον
901 3192 1050 3290 ortu-2³4,
1066 3191 1225 3266 omnibus

236 3321 323 3392 meis
347 3318 477 3391 bellum
502 3320 635 3417 primus
659 3317 778 3390 indixi.
805 3319 990 3392 Haecetsi
1016 3318 1133 3392 adhuc
1157 3338 1226 3389 non

236 3467 446 3545 magnopere
472 3443 556 3515 mibi
582 3441 699 3516 tulisse
725 3443 875 3515 fructum
897 3443 1156 3538 animadverto,
1180 3454 1225 3512 ta·

237 3593 319 3641 men
335 3568 589 3669 nonssdespero,
614 3594 680 3642 nec
698 3566 914 3666 defatigabor
931 3595 1134 3669 permanere
1157 3589 1226 3638 nou

238 3691 349 3765 solum
376 3693 411 3764 in
434 3693 550 3766 studio
567 3692 752 3790 libertatis,
777 3693 839 3766 sed
865 3696 971 3766 etiam
994 3696 1031 3766 in
1056 3693 1177 3766 labore
1193 3704 1226 3764 et

238 3814 407 3914 periculis.
432 3818 596 3898 Attamen
621 3819 649 3890 si
675 3819 782 3894 etiam
808 3817 921 3919 aliqua
948 3819 1055 3916 gloria
1081 3820 1170 3891 iusta
1194 3828 1226 3886 et

237 3939 360 4012 merita
383 3941 669 4040 provocabimur,
693 3956 833 4017 senatus
859 3957 894 4015 et
918 3945 1044 4043 optimi
1064 3945 1226 4042 cuiusque
