2624 4830
488 454 523 501 ru
548 420 729 511 nrtsronss
1033 426 1104 500 505

110 582 127 620 α
149 561 218 620 llee.
240 558 340 618 literae
350 556 481 636 fitemnt.
502 555 819 637 ttloxssinuessamun,
839 552 969 615 villulam
988 555 1109 616 Cicero·

149 669 194 729 nis
208 664 247 726 od
261 665 443 746 Sinuessam,
464 683 525 745 quo
546 661 700 724 devertere
720 662 817 724 noluit
837 660 1025 745 Cornificius,
1046 665 1108 724 iens

151 779 181 835 in
201 774 339 834 Africam.

112 884 130 942 3
152 883 207 965 Ep.
228 881 397 941 DCXLVl:
419 880 577 962 Perim'quo
595 876 735 962 patiebar
751 879 861 939 attinio.

109 992 130 1067 4
152 992 255 1052 Visum
270 1000 314 1050 est
327 987 487 1071 aliquibus,
507 987 555 1047 bie
569 986 679 1068 aliquid
699 987 854 1064 excidisse,
873 997 908 1047 ut
921 987 1040 1060 solitus,
1060 987 1107 1048 vel
1191 1066 1195 1071 Ι

150 1099 253 1161 cardus
266 1096 520 1174 adscribendum,
540 1096 588 1156 vel
607 1095 770 1167 delicatus,
791 1107 825 1156 ut
845 1095 937 1156 Palat.
959 1107 1030 1156 sext.
1051 1116 1107 1175 og-

152 1209 226 1286 gerit
247 1217 277 1265 et
297 1205 451 1264 Schdtzius
472 1207 601 1286 primum
627 1202 726 1264 edidit.
753 1202 852 1263 Feeile
878 1215 977 1264 tamen
998 1215 1042 1263 est
1060 1205 1107 1263 in·

152 1312 282 1393 telligere
302 1326 442 1385 cessator,
464 1332 498 1371 ex
518 1331 578 1392 seq.
598 1310 737 1370 cessabis.

111 1417 308 1480 bseientiam
342 1431 432 1501 auget
462 1421 653 1498 exercitatio,
683 1417 862 1501 negligentia
891 1420 1005 1480 minuit
1041 1419 1108 1480 Non

153 1527 268 1609 agendo
290 1530 368 1587 enim
395 1525 537 1608 efficitur,
561 1537 597 1586 ut
621 1525 699 1586 male
724 1546 814 1606 agere
840 1527 995 1586 diseamus.
1022 1528 1108 1605 Qua-

150 1647 272 1716 propter
293 1639 409 1717 ignavia
430 1637 507 1716 pnrit
527 1637 675 1713 inertiam,
695 1634 771 1694 idest
791 1635 898 1715 agendi
918 1637 1107 1700 inscientiam.

149 1743 263 1802 Manu.
284 1744 332 1802 sic
353 1742 420 1802 libri
441 1743 540 1802 multis
566 1740 699 1824 partibus
726 1740 826 1823 plures
853 1753 884 1802 et
909 1742 976 1803 edd.
1003 1764 1047 1825 pr.
1070 1745 1109 1804 At

149 1851 259 1910 Graes.
281 1862 311 1910 et
330 1871 427 1933 nuper
447 1849 556 1909 Schiltz
575 1869 612 1908 ne
631 1880 672 1894 -
690 1848 807 1930 affirat.
835 1848 890 1910 Est
912 1848 1022 1930 affimat
1040 1851 1108 1932 qui·

148 1959 218 2018 dem
237 1959 267 2018 in
286 1958 383 2039 libris,
404 1957 457 2018 sed
477 1978 513 2018 ne
533 1966 635 2018 estex
656 1955 871 2017 emendatione.

111 2065 132 2125 6
153 2066 241 2127 llerv.
261 2067 393 2127 otiosius.

506 2277 716 2339 DCCCLVlll.

117 2515 126 2552 t
151 2493 277 2554 Causam
300 2493 387 2554 doeet
406 2492 471 2570 ille,
491 2495 542 2574 qui
563 2490 802 2552 iurisconsultum
823 2494 954 2572 instruit,
975 2496 1061 2575 eique
1077 2494 1111 2555 li·

153 2603 188 2660 tis
208 2600 410 2683 suscipiendae
431 2611 539 2660 statum
561 2603 690 2683 exponit
712 2602 758 2660 De
779 2599 851 2659 Silio
871 2622 916 2683 ep.
932 2602 1110 2662 ccxxxii}

153 2720 182 2768 et
202 2729 282 2789 seqq.
303 2710 414 2768 Docuit
434 2711 525 2787 igitur
545 2706 722 2768 Trebatium
743 2708 866 2789 Cicero,
879 2709 958 2791 quid
978 2711 1049 2770 iuris
1061 2707 1116 2769 ha-

151 2812 237 2875 beret
257 2815 344 2874 Silius
366 2817 395 2874 in
416 2814 581 2875 hereditate
602 2815 764 2898 Turpiliae.

110 2941 130 2980 n
151 2924 211 3001 Qui
233 2923 314 2984 litem
336 2923 508 2984 intendebat
526 2924 611 2985 alteri
632 2924 670 2984 de
691 2945 724 2984 re
744 2923 877 3006 qualibet
891 2937 1044 3007 tamquam
1058 2924 1113 2985 sibi

150 3029 266 3108 debita,
286 3028 493 3114 promittebat,
514 3051 545 3090 se
565 3029 722 3112 daturum,
737 3033 759 3089 si
775 3030 856 3091 litem
872 3031 1026 3116 perderet,
1047 3051 1113 3092 oer-

154 3148 215 3196 tam
230 3135 399 3199 adversario
413 3141 584 3220 pecuniam,
599 3138 724 3197 eandem
736 3148 766 3196 et
779 3137 974 3217 adversarius,
987 3141 1010 3197 si
1023 3159 1113 3197 eausa

154 3242 287 3325 caderet,
307 3243 489 3328 spondebat,
510 3254 600 3304 uteo
621 3255 704 3303 metu
724 3246 937 3325 reprimeretur
949 3247 1038 3305 nimie
1051 3247 1111 3305 liti-

153 3350 242 3430 gandi
263 3351 364 3413 libido.
388 3353 470 3412 llaec
490 3363 590 3411 autem
618 3353 695 3411 aetio
716 3349 880 3410 vocabatur
905 3354 1038 3434 sponsio,
1058 3371 1112 3412 sen

153 3463 318 3538 promissio.
340 3460 476 3543 Quarter.

114 3564 133 3622 3
154 3565 356 3628 Hereditatem
379 3567 433 3629 sibi
455 3589 473 3626 a
493 3565 627 3647 Turpilin
648 3564 797 3648 relictam,
823 3567 918 3647 inquit
943 3567 1113 3649 Manutius,

154 3673 242 3735 Silius
262 3696 300 3735 ex
320 3675 418 3736 edicto
437 3679 581 3757 praetoris
595 3685 757 3754 acceperat.
778 3673 909 3735 Vocatus
924 3677 954 3734 in
968 3673 1112 3735 iudicium

57 3781 60 3787 '
153 3782 329 3864 aTurpilio
358 3785 542 3864 propinquo,
566 3781 702 3842 eamdem
725 3779 923 3868 hereditatem
946 3793 1115 3866 repetente,

152 3890 223 3968 quia
243 3889 396 3972 Turpiliae
409 3891 566 3951 faetiomm
587 3891 755 3951 testamenti
769 3890 858 3951 fuisse
871 3902 1009 3972 negaret,
1029 3910 1116 3973 spon·

154 3996 268 4095 sionem
288 3996 388 4060 faeere
408 4010 527 4059 coaetus
547 4011 605 4087 est,
627 3997 664 4058 de
684 4018 745 4079 qua
765 3998 913 4059 consuluit
926 4001 1115 4082 peritissimos
