2624 4830
444 423 489 472 Δὶ)
514 421 673 471 A'r'rtcvn

482 611 562 667 Lnun
582 611 632 666 III.

102 814 112 848 r
153 793 249 864 Quum
268 801 348 845 antea
366 787 484 844 maxime
971 779 1037 836 LVI

44 886 49 895 ’
98 902 114 937 u
153 879 262 935 Itineris
281 877 367 933 nostri
386 896 468 933 causa
487 875 538 931 suit
971 867 1037 926 LIV

25 1042 31 1052 ·
97 968 115 1025 5
154 969 264 1025 Vtinam
282 966 360 1021 illum
380 964 454 1021 diem
473 964 594 1030 videam,
614 983 701 1040 quum
718 961 771 1019 tibi
790 979 868 1038 agam
969 955 1038 1011 LIII

99 1061 116 1128 4
153 1056 280 1111 IIiseriae
300 1068 408 1110 nostrae
427 1053 520 1129 potius
539 1051 625 1109 velim
985 1044 1037 1102 LV

97 1144 117 1202 5
155 1145 285 1201 Terentia
303 1144 354 1200 tibi
375 1155 401 1197 et
420 1160 503 1217 saepe
958 1132 1039 1189 LVII

97 1235 117 1291 6
153 1233 216 1288 Non
235 1233 322 1287 suerat
340 1230 409 1285 mihi
430 1229 548 1286 dubium
942 1219 1038 1278 LVIII

96 1342 114 1398 7
153 1320 331 1375 Brundisium
350 1318 413 1374 veni
432 1338 456 1372 a.
475 1316 502 1371 (l.
522 1315 591 1375 XIV
985 1310 1039 1366 LX

97 1408 116 1464 8
154 1407 293 1463 Brundisii
312 1406 491 1483 proficiscens
971 1398 1040 1456 LXI

97 1515 117 1570 9
154 1498 276 1565 Quintus
296 1495 378 1550 frater
397 1513 484 1569 quum
959 1486 1041 1544 LXII

81 1603 115 1641 ιο
152 1585 221 1639 Acta
240 1603 310 1658 quae
327 1595 420 1638 essent
437 1600 526 1658 usque
546 1579 583 1636 ad
601 1577 672 1640 VIII
693 1579 753 1638 Kal.
773 1581 833 1638 Iun.
946 1575 1041 1634 LXIV

82 1692 111 1727 rr
153 1672 198 1726 Me
218 1684 245 1726 et
263 1683 325 1726 tuae
344 1670 440 1726 literae
960 1664 1040 1725 LXV

82 1780 114 1816 12
154 1761 198 1814 Tu
218 1760 330 1836 quidem
350 1757 449 1815 sedulo
467 1769 618 1834 argument.
946 1753 1042 1811 LXVI

83 1851 116 1909 13
154 1852 240 1922 Quod
258 1851 293 1907 ad
312 1866 339 1907 te
358 1851 524 1926 scripseram
917 1845 1042 1903 LXVIII

82 1944 115 2010 14
154 1941 196 1996 Ex
215 1940 270 1996 tuis
289 1939 376 1995 literis
394 1936 496 2014 plenus
932 1933 1042 1993 LXVII
1135 1940 1139 1949 '

83 2027 116 2084 15
153 2029 257 2105 Accepi
277 2027 348 2083 [dib.
368 2026 518 2084 Sextilibus
536 2038 654 2102 quatuor
674 2025 805 2104 epistolas
953 2021 1037 2078 LXX

83 2119 117 2175 16
154 2117 258 2172 Totum
276 2117 329 2172 iter
347 2115 417 2171 mihi
436 2116 573 2173 incertum
944 2108 1041 2166 LXXI

83 2224 115 2280 17
154 2205 195 2260 De
215 2205 320 2275 Quinto
340 2205 422 2260 fratre
930 2197 1042 2254 LXXII
1153 2255 1156 2260 .

83 2291 116 2348 18
154 2293 394 2369 Exspectationem
917 2287 1042 2344 LXXIII

84 2398 118 2454 ¹9
156 2379 258 2451 Quotd
276 2379 413 2437 eiusmodi
918 2375 1042 2433 LXXIV

80 2484 118 2523 πο
156 2468 241 2538 Quod
259 2469 373 2545 quidem
392 2468 430 2524 ita
448 2486 530 2536 esse,
548 2481 576 2526 et
593 2467 764 2527 avunculum
782 2480 860 2524 tuum
935 2463 1044 2522 LXXV

80 2576 114 2614 αι
156 2557 280 2634 Triginta
300 2557 360 2614 dies
380 2569 458 2613 erant
476 2557 531 2634 ipsi
905 2551 1043 2611 LXXVII

79 2664 115 2703 22
153 2646 212 2703 Etsi
232 2645 377 2723 diligenter
395 2645 431 2701 ad
449 2665 495 2703 me
589 2700 592 2705 ,
892 2640 1044 2699 LXXVIII

80 2733 117 2792 αὖ
154 2735 187 2790 t.
206 2734 233 2789 d.
251 2734 278 2793 V
297 2733 358 2790 Kal.
378 2735 510 2792 Decemb.
933 2729 1043 2787 LXXX

79 2826 117 2895 24
153 2823 257 2890 Antea,
276 2843 363 2899 quum
382 2823 418 2879 ud
437 2844 481 2882 me
501 2825 597 2901 serips.
904 2820 1043 2877 LXXXII

79 2909 117 2968 25
155 2908 220 2967 Post
239 2924 317 2968 tuum
336 2933 352 2968 a
371 2933 416 2970 me
436 2913 591 2971 discessum
608 2914 703 2973 literne
722 2912 793 2970 mihi
890 2909 1059 2965 LXXXIII

80 2998 118 3055 26
153 2994 262 3056 Literae
282 3000 351 3056 mihi
370 3023 387 3057 a
406 3002 511 3073 Quinto
531 3004 562 3059 sr.
890 2997 1043 3055 LXXXIV

80 3105 118 3163 ²7
156 3087 199 3143 Ex
216 3088 271 3144 tuis
290 3088 390 3158 literis,
408 3103 436 3148 et
455 3111 489 3149 ex
507 3111 538 3148 re
906 3084 1043 3146 LXXXV

485 3262 566 3321 Lnun
585 3265 633 3324 IV.

101 3459 112 3494 r
155 3438 251 3508 Quum
270 3439 390 3514 primurn
410 3439 528 3497 Romam
547 3443 613 3500 veni
879 3439 1043 3499 LXXXVII

100 3546 116 3584 2
156 3526 187 3582 Si
207 3527 275 3583 sorte
295 3529 384 3584 rarius
402 3528 453 3584 tibi
473 3550 489 3587 e
508 3550 553 3588 me
859 3529 1041 3587 LXXXVIII

99 3614 117 3673 3
154 3616 244 3672 Avere
264 3627 290 3672 te
310 3629 384 3672 certo
404 3618 462 3674 scio
891 3614 1043 3674 LXXXIX

100 3705 117 3772 4
154 3703 239 3785 (Pars
255 3704 363 3782 prima)
381 3705 573 3763 PerIucundus
592 3706 662 3763 mihi
682 3706 797 3764 Cincius
922 3705 1046 3764 XCVIII

102 3793 119 3860 4
157 3790 242 3863 (Pers
262 3794 345 3867 extr.)
364 3792 492 3851 Perbelle
511 3794 623 3864 seceris,
643 3794 666 3852 si
687 3795 722 3853 ad
741 3815 792 3852 nos
994 3793 1045 3851 CV

100 3880 118 3936 5
156 3881 209 3936 Ain
228 3883 276 3939 tui
295 3905 330 3940 nn
350 3905 395 3942 me
414 3886 555 3943 existimas
981 3886 1046 3944 CVI

103 3968 122 4024 6
159 3969 200 4026 De
220 3969 339 4039 Lentulo
357 3973 463 4033 scilicet
481 3975 521 4033 sic
539 3975 597 4031 sero
980 3974 1045 4030 CIX
