2624 4830
258 429 329 523 342
615 448 784 497 errsrom
811 449 880 497 xxi.
1032 449 1231 512 a.v.c.710

256 553 487 652 labefactant,
518 564 575 651 ut,
606 577 651 624 ue
682 566 884 649 moveatur,
905 549 1085 625 interdum
1111 557 1257 628 extime-

151 714 153 718 ⁴
257 704 362 754 scam.
386 677 506 752 Habes
520 691 646 775 ‚toturn
671 678 726 767 rei¹
747 676 907 777 publicae
924 690 1074 777 statum3
1099 679 1160 780 qui
1180 681 1256 781 qui-

259 805 339 881 dem
365 818 440 878 tum
467 817 559 903 erat,
591 831 699 907 quum
731 802 795 878 has
824 803 941 878 literas
974 803 1111 878 dabam.
1139 805 1257 878 Velim

260 932 428 1034 deinceps
453 931 597 1005 meliora
622 932 707 1004 sint:
733 931 787 1003 sin
813 929 913 1004 aliter
937 931 1041 1004 luerit
1066 931 1183 1033 (quod
1199 933 1257 1005 Dii

262 1084 368 1134 omen
390 1065 567 1134 avertant!
579 1066 607 1156 ),
630 1058 680 1130 rei
699 1055 860 1158 publicae
878 1057 989 1130 vicem
1008 1055 1152 1155 dolebo,
1168 1082 1257 1158 quae

260 1184 468 1260 immortalis
493 1210 568 1260 esse
594 1181 754 1257 debebat.
781 1181 869 1256 Mihi
890 1181 1032 1284 quidem
1049 1182 1257 1284 quantulum

260 1312 385 1414 reliqui
411 1310 485 1384 estl

705 1561 826 1640 XXII
1002 1603 1053 1660 (Ad
1069 1600 1131 1647 Brut.
1150 1604 1176 1660 Ι,
1195 1600 1235 1662 ri)

261 1743 482 1819 Arpomcnunn.
503 1741 686 1800 l‘nucitatcm
709 1751 738 1799 et
759 1739 936 1800 brevitatem
957 1739 1152 1820 epistolarum
1173 1736 1257 1796 Bruti

302 1861 436 1910 accusat:
458 1860 559 1929 rogat,
582 1861 614 1908 ut
636 1849 810 1908 Ciceronem
833 1869 933 1908 secum
950 1848 1092 1917 retineat,
1113 1858 1144 1905 ct
1159 1847 1188 1905 iu
1203 1846 1257 1905 lto·

301 1958 371 2018 liam
394 1960 620 2038 quamprimum
643 1968 676 2016 ut
697 1960 810 2025 veniat,
832 1954 980 2015 hortetur.

373 2192 428 2242 Ser.
448 2193 542 2244 bomne
560 2193 590 2242 il.
610 2191 642 2241 V.
661 2191 691 2243 C.
711 2189 813 2255 DCCX,
833 2189 914 2258 pridie
933 2187 993 2240 lilos
1010 2187 1149 2257 Quintiles.

582 2389 726 2454 ercutio
752 2389 883 2451 BRVTO
903 2389 940 2449 ·S.

311 2581 441 2661 Breves
468 2594 547 2652 tuae
572 2579 705 2651 literae:
731 2579 855 2650 breves
882 2576 984 2677 dicol
1010 2578 1118 2648 immo
1138 2574 1260 2648 nullae.

262 2706 435 2779 Tribusne
463 2704 638 2779 versiculis
663 2705 717 2778 his
740 2704 956 2805 temporibus
974 2706 1103 2777 Brutus
1122 2703 1168 2777 ad
1186 2702 1261 2776 mel

262 2832 358 2907 Nihil
386 2835 601 2933 scripsissem
635 2833 763 2932 potius.
795 2833 843 2905 Et
869 2832 1014 2933 requiris
1040 2857 1146 2904 meas.
1173 2832 1261 2924 Quis

261 2986 428 3062 umquam
455 2961 501 3033 ad
527 2975 560 3033 te
588 2976 727 3033 tuorum
745 2963 820 3031 sine
836 2961 922 3031 meis
940 2957 1057 3032 ¹venitl
1083 2960 1184 3050 Quae
1202 2982 1261 3030 au·

177 3155 180 3160 .
263 3100 332 3159 tem
360 3087 507 3188 epistola
533 3113 606 3160 non
632 3087 771 3187 pondus
797 3085 940 3185 babuitll
974 3087 1074 3177 Quae
1100 3085 1130 3156 si
1157 3083 1202 3156 ad
1228 3097 1261 3156 te

261 3213 418 3314 perlatae
450 3241 523 3288 non
556 3230 654 3313 sont,
686 3213 973 3286 nedomesticas
1007 3211 1152 3312 quidem
1186 3224 1262 3283 tuas

261 3341 414 3441 perlatas
451 3342 610 3416 arbitror.
648 3342 810 3415 Ciceroni
847 3340 970 3412 scribis
1003 3353 1038 3411 te
1071 3338 1263 3437 longiorem

262 3468 426 3543 daturum
451 3469 643 3570 epistolam.
678 3470 785 3541 Recte
818 3467 855 3539 id
888 3465 1047 3568 quidem3
1081 3464 1145 3538 sed
1178 3463 1262 3538 haec

263 3622 403 3697 quoque
422 3597 542 3668 debuit
560 3623 634 3669 esse
656 3596 800 3695 plenior.
827 3598 904 3692 Ego
932 3609 1066 3690 ainem⁷
1092 3620 1200 3694 quum
1220 3591 1263 3664 ad

263 3746 319 3792 mc
346 3722 389 3792 cle
415 3725 592 3795 Ciceronis
619 3723 681 3795 abs
709 3737 742 3795 te
770 3722 923 3795 discessu
954 3721 1173 3820 scripsisses,
1196 3734 1263 3792 sta·

265 3848 327 3917 tim
356 3851 484 3921 extrusi
512 3850 727 3946 tabellarios,
757 3850 943 3950 literasqnc
970 3848 1017 3920 ad
1042 3849 1263 3941 Ciceronem3

266 3989 323 4071 nt,
348 3978 451 4047 eiiam
486 3978 513 4048 si
545 3981 580 4050 in
614 3977 749 4050 ltaliam
777 3980 947 4073 venisset,
982 3976 1027 4048 ml
1064 3989 1097 4047 te
1128 3974 1261 4048 rediret.
