2624 4830
238 385 311 461 322
591 401 764 452 arrsrots
789 399 877 450 xvir.
1015 395 1098 449 nv.
1117 401 1146 449 c.
1165 414 1211 465 ,ιο

236 507 358 608 liberi,
383 530 525 606 segnem
549 502 720 578 efficiunt:
752 501 849 604 quod
881 497 1022 603 quidem
1054 502 1162 578 etiam
1192 529 1236 579 ex

237 633 362 711 Flavio
387 645 509 708 nostro
533 630 706 732 perspexi
731 627 802 702 Sed
826 627 933 702 redeo
949 627 996 702 ad
1018 629 1235 706 Ciceronem.

189 834 197 853 ,
239 759 337 855 Quid
354 762 445 833 inter
460 754 704 855 Salvidenum,
726 768 763 828 et
786 780 867 828 enm
882 753 1047 828 interest?
1064 756 1163 849 Quid
1179 784 1238 831 au·
1283 856 1285 860 Ι

239 900 312 961 tem
329 885 479 986 amplius
494 882 553 957 ille
570 879 793 956 decerneret?
809 880 944 982 Timet,
959 880 1113 982 inquies,
1130 884 1238 956 etiarn

240 1037 335 1087 nunc
360 1011 521 1114 reliquias
546 1008 630 1082 belli
656 1006 775 1082 civilis.
792 1008 1052 1109 -Quisquam
1080 1033 1162 1109 ergo
1189 1011 1237 1081 ita

240 1139 343 1212 timet
372 1134 613 1238 profligatum,
637 1148 678 1207 ut
701 1160 815 1236 neque
840 1134 1038 1235 potentiam
1063 1134 1155 1231 eius,
1180 1135 1241 1237 qui

241 1267 431 1344 exercitum
465 1265 635 1336 victorem
672 1259 823 1360 habeat,
854 1285 969 1362 neque
1006 1260 1239 1335 temeritatem

241 1393 339 1494 pueri
365 1403 468 1491 putet
497 1387 791 1462 extimescendam
825 1384 922 1460 esset
946 1387 1003 1462 An
1027 1385 1097 1461 hoc
1121 1387 1238 1488 ipsum

241 1543 283 1592 ea
309 1543 345 1590 re
371 1515 468 1612 facit,
492 1513 588 1616 quod
604 1513 655 1586 illi
671 1527 818 1614 propter
834 1512 1102 1613 amplitudinem
1119 1512 1239 1586 omnia

241 1644 330 1741 iarn,
358 1641 520 1743 ultroque
545 1639 731 1713 deferenda
757 1638 881 1739 putati
906 1639 939 1713 Ο
964 1664 1128 1737 magnam
1152 1639 1240 1712 stui-

242 1768 356 1841 titiam
388 1767 540 1865 timoais,
564 1765 602 1839 id
626 1766 759 1865 ipsum,
791 1764 890 1867 quod
914 1766 1083 1864 verearis,
1105 1765 1157 1838 ita
1183 1790 1241 1838 ca·

243 1874 344 1992 vere,
367 1905 425 1991 ut,
450 1918 558 1995 quum
583 1891 695 1966 vitare
720 1891 865 1965 sortasse
881 1892 1054 1992 potueris,
1079 1889 1173 1964 uitro
1191 1917 1244 1965 ar·

225 1988 358 2094 qcessas
389 2031 425 2094 et
449 2017 618 2094 attrahas!
643 2017 798 2092 Nimium
823 2019 986 2091 timemus
1011 2031 1180 2118 mortem,
1206 2030 1243 2090 et

244 2145 419 2247 exsilium,
443 2158 480 2217 et
503 2157 759 2246 paupertatem.
784 2143 882 2217 Haec
899 2142 1063 2218 videntur
1078 2142 1243 2216 Ciceroni

244 2270 365 2345 ultima
399 2297 474 2345 esse
506 2273 544 2344 in
576 2270 693 2344 malis:
725 2283 781 2366 et,
806 2269 891 2342 dum
915 2268 1045 2343 habeat
1070 2295 1089 2343 a
1116 2268 1243 2371 quibus

244 2398 410 2498 impetret
435 2422 524 2499 quac
549 2396 651 2495 velit,
680 2410 718 2470 et
742 2422 763 2470 a
788 2394 914 2498 quibus
939 2395 1076 2470 colatur
1101 2421 1143 2469 ac
1167 2394 1244 2469 lau·

245 2521 364 2622 detur,
389 2524 609 2623 servitutem,
632 2522 862 2597 honorificam
879 2522 1005 2623 modo,
1026 2547 1102 2596 non
1119 2548 1241 2623 asper·

244 2661 363 2722 natur:
391 2650 419 2725 si
447 2650 634 2751 quicquam
657 2650 696 2722 in
720 2666 874 2724 extrema
893 2677 933 2723 ac
950 2651 1142 2723 miserrima
1161 2674 1244 2723 con-

246 2774 387 2849 tumelia
419 2788 538 2874 potest
569 2774 802 2849 honorificum
828 2802 912 2849 esse.
944 2777 1045 2851 Licet
1070 2801 1154 2874 ergo
1180 2802 1245 2877 pa·

245 2914 335 2974 trem
360 2901 512 3002 appellet
539 2903 706 2978 Octavius
724 2905 945 3004 Ciceronem,
963 2903 1092 2978 referat
1107 2903 1246 3002 omnia,

244 3025 380 3127 laudet,
405 3029 531 3128 gratias
548 3043 642 3128 agat:
668 3044 785 3102 tamen
802 3029 889 3103 illud
906 3029 1110 3131 apparebit,
1133 3027 1244 3102 verba

244 3152 348 3227 rebus
373 3181 448 3229 esse
474 3158 655 3230 contraria.
681 3157 778 3249 Quid
802 3157 896 3230 enim
921 3170 994 3230 tam
1020 3156 1171 3229 alienum
1197 3154 1242 3229 ab

244 3277 405 3355 humanis
439 3283 596 3357 sensibus
621 3299 692 3382 est,
725 3311 830 3385 quam
863 3310 941 3356 eum
975 3284 1085 3383 patris
1111 3282 1242 3356 habere

243 3405 341 3509 loco,
366 3394 426 3511 qui
451 3437 496 3483 ne
520 3409 621 3485 liberi
646 3411 787 3513 quidem
819 3411 970 3483 hominis
1003 3435 1149 3483 numero
1176 3407 1245 3482 siat

243 3534 352 3636 Atqui
377 3561 419 3609 eo
447 3536 575 3636 tendit,
600 3537 637 3610 id
663 3540 752 3637 agit,
778 3538 823 3610 ad
849 3564 930 3610 eum
956 3539 1088 3610 exitum
1114 3561 1245 3636 propc-

245 3673 301 3733 rat
332 3661 388 3735 vir
419 3665 596 3763 optimus,
628 3679 668 3737 ut
699 3666 745 3738 sit
775 3665 825 3737 illi
854 3666 1022 3738 Octavius
1060 3663 1245 3762 propitius.

244 3785 323 3884 Ego
341 3802 425 3861 vero
442 3789 510 3861 iam
528 3790 570 3863 iis
595 3790 726 3864 artibus
752 3791 838 3863 nihil
864 3792 997 3888 tribuo,
1022 3790 1149 3891 quibus
1167 3789 1242 3861 scio

246 3911 450 3987 Ciceronem
480 3916 784 3992 instructissimum
816 3945 900 3994 esse.
936 3917 1033 4011 Quid
1066 3917 1159 3991 enim
1194 3914 1245 3988 itti
