2624 4830
265 411 332 511 176
562 423 731 474 srisrom
759 426 957 474 ncccxxrrx.
1026 424 1058 474 s.
1076 430 1109 475 v.
1128 429 1158 476 c.
1178 439 1226 492 ⁷¹·

262 559 336 607 esse
362 532 491 604 maiora
518 539 723 629 potueruut,
748 525 811 598 tibi
828 539 899 599 tam
918 541 1014 625 grata
1032 555 1128 626 esse,
1149 558 1255 632 quarn

262 684 328 757 ego
354 657 475 757 putavi
508 655 598 752 sore,
630 654 772 725 minime
804 653 927 748 miror,
961 652 1256 759 vehementerque

262 782 381 856 laetor.
407 784 507 874 Quae
524 779 666 881 quidem
682 792 737 877 tu,
762 779 791 851 si
816 791 909 851 recte
925 779 1004 852 istic
1021 782 1106 879 erit,
1125 784 1255 857 maiora

262 927 298 986 ei
322 911 479 1009 graviora
505 931 703 1008 cognosces.
728 905 798 979 1111
822 902 1001 980 Kalendas
1026 907 1155 982 Iunias.

612 1358 615 1365 ,
660 1283 860 1359 DCCCXL·
982 1324 1048 1395 *ria
1064 1325 1116 1372 on.
1134 1327 1170 1388 x,
1185 1329 1230 1385 ss)

263 1469 478 1546 Argumentum.
499 1459 630 1544 Lepidm
651 1463 762 1543 recepti
785 1462 903 1520 Antonii
919 1480 1039 1520 oausam
1061 1463 1092 1520 in
1115 1482 1186 1522 suos
1200 1469 1253 1523 rni-

301 1572 366 1632 iites
386 1570 515 1640 confert,
535 1568 748 1629 dissensionem
769 1569 880 1626 urium
904 1568 1007 1648 inique
1027 1567 1164 1629 ferentes.

340 1805 396 1856 scr.
417 1822 431 1854 ι
451 1803 532 1855 Pouie
550 1804 676 1869 Argenteo
695 1801 724 1850 Δ.
743 1798 774 1849 V.
794 1801 823 1852 C.
843 1798 946 1865 DCCX,
965 1798 1091 1869 limini.
1112 1800 1168 1853 iun.

319 1995 362 2059 M.
387 1991 582 2056 Lnelnvs¹
608 1989 689 2053 IMP.
712 1987 817 2053 leun.
840 1988 957 2052 ΡΟΝΤ.
980 1987 1078 2053 ΜΛΧ.
1104 1991 1135 2054 S.
1159 1992 1196 2055 D.

532 2100 669 2164 SENAT.
693 2099 779 2163 Pon.
804 2099 862 2161 PL.
887 2099 924 2175 Q.
949 2097 984 2160 R.

309 2294 343 2367 S.
368 2292 412 2362 V.
427 2306 444 2338 ³
470 2288 637 2388 liberique
662 2287 768 2362 vestri
786 2286 828 2358 V.
845 2289 884 2360 Β.
901 2289 943 2361 Ε.
967 2289 1007 2362 Ε.
1032 2291 1076 2381 Q.
1095 2289 1138 2361 V.
1158 2273 1248 2363 Deos

260 2417 487 2515 hominesque
513 2428 639 2509 testor,
663 2414 785 2486 Patres
810 2390 1016 2514 conscripii,
1040 2441 1109 2514 qua
1136 2431 1249 2489 mente

259 2557 296 2615 et
321 2566 390 2643 quo
424 2542 541 2611 animo
573 2564 711 2638 semper
742 2540 777 2610 in
811 2566 884 2612 rein
909 2540 1092 2640 pubiicum
1113 2543 1249 2638 fuerim,

259 2683 296 2741 et
321 2693 424 2768 quam
449 2664 536 2736 nihil
561 2666 734 2766 antiquius
761 2668 936 2738 communi
962 2660 1071 2740 sainte
1089 2694 1131 2740 ac
1147 2667 1248 2740 liber·

260 2809 331 2867 tate
357 2792 553 2865 iudicarim:
579 2790 675 2890 quod
700 2791 799 2864 vobis
824 2793 920 2866 br'evi
939 2792 1160 2894 probassem,
1185 2794 1247 2866 nisi

260 2920 345 2992 mihi
371 2920 508 2992 fortuna
526 2918 706 3016 proprium
724 2919 905 2991 consilium
923 2920 1131 2992 extorsisset
1159 2919 1245 2993 Nam

243 3043 428 3120 'exercitus
455 3056 599 3117 cunctus
625 3045 913 3117 consuetudinem
938 3073 1036 3118 suam
1058 3050 1094 3118 in
1112 3046 1244 3119 civibus

260 3170 507 3245 conservandis
521 3173 547 3267 ³,
563 3172 806 3272 communique
824 3198 927 3270 pace,
952 3154 1124 3246 seditione
1141 3173 1246 3268 sacta,

259 3301 419 3396 retinuit5
444 3323 568 3398 meque
590 3312 709 3370 tantae
727 3297 956 3370 multitudinis
973 3300 1102 3371 civium
1120 3301 1242 3373 Roma·

258 3451 383 3497 uorum
412 3423 531 3497 salutis
564 3437 669 3525 atque
700 3422 946 3496 incolumitatis
973 3450 1115 3497 causam
1140 3424 1242 3497 susci·

258 3575 357 3648 pere,
382 3564 422 3621 ut
444 3575 524 3623 vere
550 3550 681 3647 dicam,
707 3551 820 3648 co'e‘git
836 3550 860 3622 i.
886 3552 927 3622 ln
945 3577 1012 3651 qua
1031 3577 1067 3622 re
1085 3576 1150 3650 ego
1168 3576 1242 3645 vos,

257 3676 378 3747 Patres
404 3677 608 3775 conscripti,
631 3703 696 3750 nro
722 3691 824 3777 atque
850 3677 1010 3774 obsecro,
1026 3692 1082 3775 ut,
1100 3678 1239 3777 privatis

256 3796 505 3873 offensionibus
530 3803 681 3900 omissis,
707 3830 860 3876 summae
878 3805 926 3876 rei
943 3802 1105 3902 publicae
1123 3829 1238 3877 consu·

256 3921 333 3998 latis
350 3927 376 4025 ⁵,
403 3952 488 4001 uere
514 3927 783 4003 misericordiam
807 3945 979 4028 nostram,
1004 3932 1237 4031 exercitusque
